
@article{agresti1998,
  title = {Approximate {{Is Better}} than "{{Exact}}" for {{Interval Estimation}} of {{Binomial Proportions}}},
  author = {Agresti, Alan and Coull, Brent A.},
  date = {1998},
  journaltitle = {The American Statistician},
  volume = {52},
  number = {2},
  eprint = {2685469},
  eprinttype = {jstor},
  pages = {119--126},
  publisher = {{[American Statistical Association, Taylor \& Francis, Ltd.]}},
  issn = {0003-1305},
  doi = {10.2307/2685469}
}

@article{aitchison1999,
  title = {A {{Concise Guide}} to {{Compositional Data Analysis}}},
  author = {Aitchison, John},
  date = {1999},
  pages = {134},
  langid = {english},
  file = {/Users/quangnguyen/Zotero/storage/L3XN5EQU/Aitchison - A Concise Guide to Compositional Data Analysis.pdf}
}

@article{aoun2020,
  title = {The {{Influence}} of the {{Gut Microbiome}} on {{Obesity}} in {{Adults}} and the {{Role}} of {{Probiotics}}, {{Prebiotics}}, and {{Synbiotics}} for {{Weight Loss}}},
  author = {Aoun, Antoine and Darwish, Fatima and Hamod, Natacha},
  date = {2020-06-30},
  journaltitle = {Preventive Nutrition and Food Science},
  shortjournal = {Prev Nutr Food Sci},
  volume = {25},
  number = {2},
  eprint = {32676461},
  eprinttype = {pmid},
  pages = {113--123},
  issn = {2287-1098},
  doi = {10.3746/pnf.2020.25.2.113},
  url = {https://www.ncbi.nlm.nih.gov/pmc/articles/PMC7333005/},
  urldate = {2021-05-11},
  pmcid = {PMC7333005},
  file = {/Users/quangnguyen/Zotero/storage/GU5UHXWH/Aoun et al. - 2020 - The Influence of the Gut Microbiome on Obesity in .pdf}
}

@article{ashburner2000,
  title = {Gene {{Ontology}}: Tool for the Unification of Biology},
  shorttitle = {Gene {{Ontology}}},
  author = {Ashburner, Michael and Ball, Catherine A. and Blake, Judith A. and Botstein, David and Butler, Heather and Cherry, J. Michael and Davis, Allan P. and Dolinski, Kara and Dwight, Selina S. and Eppig, Janan T. and Harris, Midori A. and Hill, David P. and Issel-Tarver, Laurie and Kasarskis, Andrew and Lewis, Suzanna and Matese, John C. and Richardson, Joel E. and Ringwald, Martin and Rubin, Gerald M. and Sherlock, Gavin},
  date = {2000-05},
  journaltitle = {Nature genetics},
  shortjournal = {Nat Genet},
  volume = {25},
  number = {1},
  eprint = {10802651},
  eprinttype = {pmid},
  pages = {25--29},
  issn = {1061-4036},
  doi = {10.1038/75556},
  url = {https://www.ncbi.nlm.nih.gov/pmc/articles/PMC3037419/},
  urldate = {2021-05-07},
  pmcid = {PMC3037419},
  file = {/Users/quangnguyen/Zotero/storage/EM7DBMPY/Ashburner et al. - 2000 - Gene Ontology tool for the unification of biology.pdf}
}

@article{atchison1980,
  title = {Logistic-Normal Distributions:Some Properties and Uses},
  shorttitle = {Logistic-Normal Distributions},
  author = {ATCHISON, J. and SHEN, S.M.},
  date = {1980-01-01},
  journaltitle = {Biometrika},
  shortjournal = {Biometrika},
  volume = {67},
  number = {2},
  pages = {261--272},
  issn = {0006-3444},
  doi = {10.1093/biomet/67.2.261},
  url = {https://doi.org/10.1093/biomet/67.2.261},
  urldate = {2021-11-16},
  file = {/Users/quangnguyen/Zotero/storage/SMWRGP6X/314675.html}
}

@article{barbie2009,
  title = {Systematic {{RNA}} Interference Reveals That Oncogenic {{{\emph{KRAS}}}}-Driven Cancers Require {{TBK1}}},
  author = {Barbie, David A. and Tamayo, Pablo and Boehm, Jesse S. and Kim, So Young and Moody, Susan E. and Dunn, Ian F. and Schinzel, Anna C. and Sandy, Peter and Meylan, Etienne and Scholl, Claudia and Fr√∂hling, Stefan and Chan, Edmond M. and Sos, Martin L. and Michel, Kathrin and Mermel, Craig and Silver, Serena J. and Weir, Barbara A. and Reiling, Jan H. and Sheng, Qing and Gupta, Piyush B. and Wadlow, Raymond C. and Le, Hanh and Hoersch, Sebastian and Wittner, Ben S. and Ramaswamy, Sridhar and Livingston, David M. and Sabatini, David M. and Meyerson, Matthew and Thomas, Roman K. and Lander, Eric S. and Mesirov, Jill P. and Root, David E. and Gilliland, D. Gary and Jacks, Tyler and Hahn, William C.},
  date = {2009-11},
  journaltitle = {Nature},
  volume = {462},
  number = {7269},
  pages = {108--112},
  issn = {1476-4687},
  doi = {10.1038/nature08460},
  url = {https://www.nature.com/articles/nature08460},
  urldate = {2019-01-31},
  langid = {english},
  file = {/Users/quangnguyen/Zotero/storage/QV32J44C/Barbie et al. - 2009 - Systematic RNA interference reveals that oncogenic.pdf;/Users/quangnguyen/Zotero/storage/2RY42HBR/nature08460.html}
}

@article{beghini2019,
  title = {Tobacco Exposure Associated with Oral Microbiota Oxygen Utilization in the {{New York City Health}} and {{Nutrition Examination Study}}},
  author = {Beghini, Francesco and Renson, Audrey and Zolnik, Christine P. and Geistlinger, Ludwig and Usyk, Mykhaylo and Moody, Thomas U. and Thorpe, Lorna and Dowd, Jennifer B. and Burk, Robert and Segata, Nicola and Jones, Heidi E. and Waldron, Levi},
  date = {2019-06},
  journaltitle = {Annals of Epidemiology},
  shortjournal = {Ann Epidemiol},
  volume = {34},
  eprint = {31076212},
  eprinttype = {pmid},
  pages = {18-25.e3},
  issn = {1873-2585},
  doi = {10.1016/j.annepidem.2019.03.005},
  langid = {english},
  pmcid = {PMC6548637},
  keywords = {16S,Adult,Biomarkers,Cotinine,Female,Human microbiome,Humans,Male,Microbiota,Mouth,New York City,Oral health,Ribosomal,RNA,RNA; Ribosomal; 16S,Saliva,Smoking,Tobacco,Tobacco Smoke Pollution,Tobacco Smoking},
  file = {/Users/quangnguyen/Zotero/storage/JNB8N256/Beghini et al. - 2019 - Tobacco exposure associated with oral microbiota o.pdf}
}

@article{benaglia2009,
  title = {Mixtools: An {{R}} Package for Analyzing Finite Mixture Models},
  author = {Benaglia, Tatiana and Chauveau, Didier and Hunter, David R. and Young, Derek},
  date = {2009},
  journaltitle = {Journal of Statistical Software},
  volume = {32},
  number = {6},
  pages = {1--29},
  url = {http://www.jstatsoft.org/v32/i06/}
}

@article{benjamini1995,
  title = {Controlling the {{False Discovery Rate}}: A {{Practical}} and {{Powerful Approach}} to {{Multiple Testing}}},
  shorttitle = {Controlling the {{False Discovery Rate}}},
  author = {Benjamini, Yoav and Hochberg, Yosef},
  date = {1995},
  journaltitle = {Journal of the Royal Statistical Society. Series B (Methodological)},
  volume = {57},
  number = {1},
  eprint = {2346101},
  eprinttype = {jstor},
  pages = {289--300},
  publisher = {{[Royal Statistical Society, Wiley]}},
  issn = {0035-9246}
}

@article{breiman2001,
  title = {Random {{Forests}}},
  author = {Breiman, Leo},
  date = {2001-10-01},
  journaltitle = {Machine Learning},
  shortjournal = {Machine Learning},
  volume = {45},
  number = {1},
  pages = {5--32},
  issn = {1573-0565},
  doi = {10.1023/A:1010933404324},
  url = {https://doi.org/10.1023/A:1010933404324},
  urldate = {2019-04-24},
  langid = {english},
  keywords = {classification,ensemble,regression},
  file = {/Users/quangnguyen/Zotero/storage/GU7IP8KA/Breiman - 2001 - Random Forests.pdf}
}

@article{cai2014,
  title = {Two-Sample Test of High Dimensional Means under Dependence},
  author = {Cai, T. Tony and Liu, Weidong and Xia, Yin},
  date = {2014},
  journaltitle = {Journal of the Royal Statistical Society: Series B (Statistical Methodology)},
  volume = {76},
  number = {2},
  pages = {349--372},
  issn = {1467-9868},
  doi = {10.1111/rssb.12034},
  url = {https://rss.onlinelibrary.wiley.com/doi/abs/10.1111/rssb.12034},
  urldate = {2020-09-21},
  langid = {english},
  keywords = {Covariance matrix,Extreme value distribution,High dimensional test,Hypothesis testing,Limiting null distribution,Power,Precision matrix,Testing equality of mean vectors},
  annotation = {\_eprint: https://rss.onlinelibrary.wiley.com/doi/pdf/10.1111/rssb.12034},
  file = {/Users/quangnguyen/Zotero/storage/82NHGCP8/Cai et al. - 2014 - Two-sample test of high dimensional means under de.pdf;/Users/quangnguyen/Zotero/storage/WBWRM9KJ/rssb.html}
}

@article{calgaro2020,
  title = {Assessment of Statistical Methods from Single Cell, Bulk {{RNA}}-Seq, and Metagenomics Applied to Microbiome Data},
  author = {Calgaro, Matteo and Romualdi, Chiara and Waldron, Levi and Risso, Davide and Vitulo, Nicola},
  date = {2020-08-03},
  journaltitle = {Genome Biology},
  shortjournal = {Genome Biology},
  volume = {21},
  number = {1},
  pages = {191},
  issn = {1474-760X},
  doi = {10.1186/s13059-020-02104-1},
  url = {https://doi.org/10.1186/s13059-020-02104-1},
  urldate = {2020-10-06},
  file = {/Users/quangnguyen/Zotero/storage/X7PXJ8W9/Calgaro et al. - 2020 - Assessment of statistical methods from single cell.pdf;/Users/quangnguyen/Zotero/storage/23P9WH7J/s13059-020-02104-1.html}
}

@article{callahan2016,
  title = {{{DADA2}}: High-Resolution Sample Inference from {{Illumina}} Amplicon Data},
  shorttitle = {{{DADA2}}},
  author = {Callahan, Benjamin J. and McMurdie, Paul J. and Rosen, Michael J. and Han, Andrew W. and Johnson, Amy Jo A. and Holmes, Susan P.},
  date = {2016-07},
  journaltitle = {Nature Methods},
  volume = {13},
  number = {7},
  pages = {581--583},
  issn = {1548-7105},
  doi = {10.1038/nmeth.3869},
  url = {https://www.nature.com/articles/nmeth.3869},
  urldate = {2018-11-21},
  langid = {english},
  file = {/Users/quangnguyen/Zotero/storage/EYZCEESN/Callahan et al_2016_DADA2.pdf;/Users/quangnguyen/Zotero/storage/ZW6B3BTP/nmeth.html}
}

@article{cao2018,
  title = {Two-Sample Tests of High-Dimensional Means for Compositional Data},
  author = {Cao, Yuanpei and Lin, Wei and Li, Hongzhe},
  date = {2018-03-01},
  journaltitle = {Biometrika},
  shortjournal = {Biometrika},
  volume = {105},
  number = {1},
  pages = {115--132},
  publisher = {{Oxford Academic}},
  issn = {0006-3444},
  doi = {10.1093/biomet/asx060},
  url = {https://academic.oup.com/biomet/article/105/1/115/4591648},
  urldate = {2020-09-21},
  langid = {english},
  file = {/Users/quangnguyen/Zotero/storage/8Z8GDNQ4/Cao et al. - 2018 - Two-sample tests of high-dimensional means for com.pdf;/Users/quangnguyen/Zotero/storage/JISS8EF9/4591648.html}
}

@article{cario1997,
  title = {Modeling and {{Generating Random Vectors}} with {{Arbitrary Marginal Distributions}} and {{Correlation Matrix}}},
  author = {Cario, Marne C},
  date = {1997},
  pages = {19},
  langid = {english},
  file = {/Users/quangnguyen/Zotero/storage/ATFGCN4B/Cario - Modeling and Generating Random Vectors with Arbitr.pdf}
}

@article{chen2013a,
  title = {Structure-Constrained Sparse Canonical Correlation Analysis with an Application to Microbiome Data Analysis},
  author = {Chen, Jun and Bushman, Frederic D. and Lewis, James D. and Wu, Gary D. and Li, Hongzhe},
  date = {2013-04},
  journaltitle = {Biostatistics (Oxford, England)},
  shortjournal = {Biostatistics},
  volume = {14},
  number = {2},
  eprint = {23074263},
  eprinttype = {pmid},
  pages = {244--258},
  issn = {1465-4644},
  doi = {10.1093/biostatistics/kxs038},
  url = {https://www.ncbi.nlm.nih.gov/pmc/articles/PMC3590923/},
  urldate = {2020-04-03},
  pmcid = {PMC3590923},
  file = {/Users/quangnguyen/Zotero/storage/UWFSDCHP/Chen et al_2013_Structure-constrained sparse canonical correlation analysis with an application.pdf}
}

@article{chen2018c,
  title = {An Omnibus Test for Differential Distribution Analysis of Microbiome Sequencing Data},
  author = {Chen, Jun and King, Emily and Deek, Rebecca and Wei, Zhi and Yu, Yue and Grill, Diane and Ballman, Karla},
  date = {2018-02-15},
  journaltitle = {Bioinformatics},
  shortjournal = {Bioinformatics},
  volume = {34},
  number = {4},
  pages = {643--651},
  publisher = {{Oxford Academic}},
  issn = {1367-4803},
  doi = {10.1093/bioinformatics/btx650},
  url = {https://academic.oup.com/bioinformatics/article/34/4/643/4470360},
  urldate = {2020-05-03},
  langid = {english},
  file = {/Users/quangnguyen/Zotero/storage/879LEUSV/Chen et al_2018_An omnibus test for differential distribution analysis of microbiome sequencing.pdf;/Users/quangnguyen/Zotero/storage/5GGQQYA4/4470360.html}
}

@article{cho2012,
  title = {The Human Microbiome: At the Interface of Health and Disease},
  shorttitle = {The Human Microbiome},
  author = {Cho, Ilseung and Blaser, Martin J.},
  date = {2012-04},
  journaltitle = {Nature Reviews Genetics},
  volume = {13},
  number = {4},
  pages = {260--270},
  publisher = {{Nature Publishing Group}},
  issn = {1471-0064},
  doi = {10.1038/nrg3182},
  url = {https://www.nature.com/articles/nrg3182},
  urldate = {2021-03-31},
  issue = {4},
  langid = {english},
  file = {/Users/quangnguyen/Zotero/storage/Y4IWCKQT/Cho and Blaser - 2012 - The human microbiome at the interface of health a.pdf;/Users/quangnguyen/Zotero/storage/F4MIL7GC/nrg3182.html}
}

@article{chong2020,
  title = {Using {{MicrobiomeAnalyst}} for Comprehensive Statistical, Functional, and Meta-Analysis of Microbiome Data},
  author = {Chong, Jasmine and Liu, Peng and Zhou, Guangyan and Xia, Jianguo},
  date = {2020-03},
  journaltitle = {Nature Protocols},
  volume = {15},
  number = {3},
  pages = {799--821},
  publisher = {{Nature Publishing Group}},
  issn = {1750-2799},
  doi = {10.1038/s41596-019-0264-1},
  url = {https://www.nature.com/articles/s41596-019-0264-1},
  urldate = {2021-05-07},
  issue = {3},
  langid = {english},
  file = {/Users/quangnguyen/Zotero/storage/PPIBUAMB/Chong et al. - 2020 - Using MicrobiomeAnalyst for comprehensive statisti.pdf;/Users/quangnguyen/Zotero/storage/RMYSFJ8Q/s41596-019-0264-1.html}
}

@article{consortium2012,
  title = {Structure, Function and Diversity of the Healthy Human Microbiome},
  author = {Consortium, The Human Microbiome Project and Huttenhower, Curtis and Gevers, Dirk and Knight, Rob and Abubucker, Sahar and Badger, Jonathan H. and Chinwalla, Asif T. and Creasy, Heather H. and Earl, Ashlee M. and FitzGerald, Michael G. and Fulton, Robert S. and Giglio, Michelle G. and Hallsworth-Pepin, Kymberlie and Lobos, Elizabeth A. and Madupu, Ramana and Magrini, Vincent and Martin, John C. and Mitreva, Makedonka and Muzny, Donna M. and Sodergren, Erica J. and Versalovic, James and Wollam, Aye M. and Worley, Kim C. and Wortman, Jennifer R. and Young, Sarah K. and Zeng, Qiandong and Aagaard, Kjersti M. and Abolude, Olukemi O. and Allen-Vercoe, Emma and Alm, Eric J. and Alvarado, Lucia and Andersen, Gary L. and Anderson, Scott and Appelbaum, Elizabeth and Arachchi, Harindra M. and Armitage, Gary and Arze, Cesar A. and Ayvaz, Tulin and Baker, Carl C. and Begg, Lisa and Belachew, Tsegahiwot and Bhonagiri, Veena and Bihan, Monika and Blaser, Martin J. and Bloom, Toby and Bonazzi, Vivien and Brooks, J. Paul and Buck, Gregory A. and Buhay, Christian J. and Busam, Dana A. and Campbell, Joseph L. and Canon, Shane R. and Cantarel, Brandi L. and Chain, Patrick S. G. and Chen, I.-Min A. and Chen, Lei and Chhibba, Shaila and Chu, Ken and Ciulla, Dawn M. and Clemente, Jose C. and Clifton, Sandra W. and Conlan, Sean and Crabtree, Jonathan and Cutting, Mary A. and Davidovics, Noam J. and Davis, Catherine C. and DeSantis, Todd Z. and Deal, Carolyn and Delehaunty, Kimberley D. and Dewhirst, Floyd E. and Deych, Elena and Ding, Yan and Dooling, David J. and Dugan, Shannon P. and Dunne, Wm Michael and Durkin, A. Scott and Edgar, Robert C. and Erlich, Rachel L. and Farmer, Candace N. and Farrell, Ruth M. and Faust, Karoline and Feldgarden, Michael and Felix, Victor M. and Fisher, Sheila and Fodor, Anthony A. and Forney, Larry J. and Foster, Leslie and Francesco, Valentina Di and Friedman, Jonathan and Friedrich, Dennis C. and Fronick, Catrina C. and Fulton, Lucinda L. and Gao, Hongyu and Garcia, Nathalia and Giannoukos, Georgia and Giblin, Christina and Giovanni, Maria Y. and Goldberg, Jonathan M. and Goll, Johannes and Gonzalez, Antonio and Griggs, Allison and Gujja, Sharvari and Haake, Susan Kinder and Haas, Brian J. and Hamilton, Holli A. and Harris, Emily L. and Hepburn, Theresa A. and Herter, Brandi and Hoffmann, Diane E. and Holder, Michael E. and Howarth, Clinton and Huang, Katherine H. and Huse, Susan M. and Izard, Jacques and Jansson, Janet K. and Jiang, Huaiyang and Jordan, Catherine and Joshi, Vandita and Katancik, James A. and Keitel, Wendy A. and Kelley, Scott T. and Kells, Cristyn and King, Nicholas B. and Knights, Dan and Kong, Heidi H. and Koren, Omry and Koren, Sergey and Kota, Karthik C. and Kovar, Christie L. and Kyrpides, Nikos C. and Rosa, Patricio S. La and Lee, Sandra L. and Lemon, Katherine P. and Lennon, Niall and Lewis, Cecil M. and Lewis, Lora and Ley, Ruth E. and Li, Kelvin and Liolios, Konstantinos and Liu, Bo and Liu, Yue and Lo, Chien-Chi and Lozupone, Catherine A. and Lunsford, R. Dwayne and Madden, Tessa and Mahurkar, Anup A. and Mannon, Peter J. and Mardis, Elaine R. and Markowitz, Victor M. and Mavromatis, Konstantinos and McCorrison, Jamison M. and McDonald, Daniel and McEwen, Jean and McGuire, Amy L. and McInnes, Pamela and Mehta, Teena and Mihindukulasuriya, Kathie A. and Miller, Jason R. and Minx, Patrick J. and Newsham, Irene and Nusbaum, Chad and O‚ÄôLaughlin, Michelle and Orvis, Joshua and Pagani, Ioanna and Palaniappan, Krishna and Patel, Shital M. and Pearson, Matthew and Peterson, Jane and Podar, Mircea and Pohl, Craig and Pollard, Katherine S. and Pop, Mihai and Priest, Margaret E. and Proctor, Lita M. and Qin, Xiang and Raes, Jeroen and Ravel, Jacques and Reid, Jeffrey G. and Rho, Mina and Rhodes, Rosamond and Riehle, Kevin P. and Rivera, Maria C. and Rodriguez-Mueller, Beltran and Rogers, Yu-Hui and Ross, Matthew C. and Russ, Carsten and Sanka, Ravi K. and Sankar, Pamela and Sathirapongsasuti, J. Fah and Schloss, Jeffery A. and Schloss, Patrick D. and Schmidt, Thomas M. and Scholz, Matthew and Schriml, Lynn and Schubert, Alyxandria M. and Segata, Nicola and Segre, Julia A. and Shannon, William D. and Sharp, Richard R. and Sharpton, Thomas J. and Shenoy, Narmada and Sheth, Nihar U. and Simone, Gina A. and Singh, Indresh and Smillie, Christopher S. and Sobel, Jack D. and Sommer, Daniel D. and Spicer, Paul and Sutton, Granger G. and Sykes, Sean M. and Tabbaa, Diana G. and Thiagarajan, Mathangi and Tomlinson, Chad M. and Torralba, Manolito and Treangen, Todd J. and Truty, Rebecca M. and Vishnivetskaya, Tatiana A. and Walker, Jason and Wang, Lu and Wang, Zhengyuan and Ward, Doyle V. and Warren, Wesley and Watson, Mark A. and Wellington, Christopher and Wetterstrand, Kris A. and White, James R. and Wilczek-Boney, Katarzyna and Wu, YuanQing and Wylie, Kristine M. and Wylie, Todd and Yandava, Chandri and Ye, Liang and Ye, Yuzhen and Yooseph, Shibu and Youmans, Bonnie P. and Zhang, Lan and Zhou, Yanjiao and Zhu, Yiming and Zoloth, Laurie and Zucker, Jeremy D. and Birren, Bruce W. and Gibbs, Richard A. and Highlander, Sarah K. and Meth√©, Barbara A. and Nelson, Karen E. and Petrosino, Joseph F. and Weinstock, George M. and Wilson, Richard K. and White, Owen},
  date = {2012-06},
  journaltitle = {Nature},
  volume = {486},
  number = {7402},
  pages = {207--214},
  issn = {1476-4687},
  doi = {10.1038/nature11234},
  url = {https://www.nature.com/articles/nature11234},
  urldate = {2018-09-27},
  langid = {english},
  file = {/Users/quangnguyen/Zotero/storage/LA38S2UA/Consortium et al. - 2012 - Structure, function and diversity of the healthy h.pdf;/Users/quangnguyen/Zotero/storage/PZZXEXYU/nature11234.html}
}

@article{delignette-muller2015,
  title = {Fitdistrplus: An {{R}} Package for Fitting Distributions},
  author = {Delignette-Muller, Marie Laure and Dutang, Christophe},
  date = {2015},
  journaltitle = {Journal of Statistical Software},
  volume = {64},
  number = {4},
  pages = {1--34},
  url = {https://www.jstatsoft.org/v64/i04/}
}

@article{delong1988,
  title = {Comparing the Areas under Two or More Correlated Receiver Operating Characteristic Curves: A Nonparametric Approach},
  shorttitle = {Comparing the Areas under Two or More Correlated Receiver Operating Characteristic Curves},
  author = {DeLong, E. R. and DeLong, D. M. and Clarke-Pearson, D. L.},
  date = {1988-09},
  journaltitle = {Biometrics},
  shortjournal = {Biometrics},
  volume = {44},
  number = {3},
  eprint = {3203132},
  eprinttype = {pmid},
  pages = {837--845},
  issn = {0006-341X},
  langid = {english},
  keywords = {Algorithms,Analysis of Variance,Female,Humans,Intestinal Obstruction,Models; Statistical,Ovarian Neoplasms,Predictive Value of Tests,ROC Curve}
}

@article{dong2020,
  title = {Predictive Analysis Methods for Human Microbiome Data with Application to {{Parkinson}}‚Äôs Disease},
  author = {Dong, Mei and Li, Longhai and Chen, Man and Kusalik, Anthony and Xu, Wei},
  date = {2020-08-24},
  journaltitle = {PLOS ONE},
  shortjournal = {PLOS ONE},
  volume = {15},
  number = {8},
  pages = {e0237779},
  publisher = {{Public Library of Science}},
  issn = {1932-6203},
  doi = {10.1371/journal.pone.0237779},
  url = {https://journals.plos.org/plosone/article?id=10.1371/journal.pone.0237779},
  urldate = {2021-03-12},
  langid = {english},
  keywords = {Forecasting,Genetics of disease,Gut bacteria,Microbiome,Parkinson disease,Ribosomal RNA,Simulation and modeling,Statistical data},
  file = {/Users/quangnguyen/Zotero/storage/NCSBGJ2L/Dong et al. - 2020 - Predictive analysis methods for human microbiome d.pdf;/Users/quangnguyen/Zotero/storage/IMT3SC8W/article.html}
}

@article{efron2004,
  title = {Large-{{Scale Simultaneous Hypothesis Testing}}},
  author = {Efron, Bradley},
  date = {2004-03-01},
  journaltitle = {Journal of the American Statistical Association},
  volume = {99},
  number = {465},
  pages = {96--104},
  publisher = {{Taylor \& Francis}},
  issn = {0162-1459},
  doi = {10.1198/016214504000000089},
  url = {https://doi.org/10.1198/016214504000000089},
  urldate = {2021-05-06},
  keywords = {Empirical bayes,Empirical null hypothesis,Local false discovery rate,Microarray analysis,Unobserved covariates},
  annotation = {\_eprint: https://doi.org/10.1198/016214504000000089},
  file = {/Users/quangnguyen/Zotero/storage/RZDTR3SM/016214504000000089.html}
}

@article{egozcue2003,
  title = {Isometric {{Logratio Transformations}} for {{Compositional Data Analysis}}},
  author = {Egozcue, J. J. and Pawlowsky-Glahn, V. and Mateu-Figueras, G. and Barcel√≥-Vidal, C.},
  date = {2003-04-01},
  journaltitle = {Mathematical Geology},
  shortjournal = {Mathematical Geology},
  volume = {35},
  number = {3},
  pages = {279--300},
  issn = {1573-8868},
  doi = {10.1023/A:1023818214614},
  url = {https://doi.org/10.1023/A:1023818214614},
  urldate = {2021-11-16},
  langid = {english},
  file = {/Users/quangnguyen/Zotero/storage/K3XTU9BJ/Egozcue et al_2003_Isometric Logratio Transformations for Compositional Data Analysis.pdf}
}

@article{egozcue2005,
  title = {Groups of {{Parts}} and {{Their Balances}} in {{Compositional Data Analysis}}},
  author = {Egozcue, J. J. and Pawlowsky-Glahn, V.},
  date = {2005-10},
  journaltitle = {Mathematical Geology},
  volume = {37},
  number = {7},
  pages = {795--828},
  issn = {0882-8121, 1573-8868},
  doi = {10.1007/s11004-005-7381-9},
  url = {http://link.springer.com/10.1007/s11004-005-7381-9},
  urldate = {2020-04-08},
  langid = {english},
  file = {/Users/quangnguyen/Zotero/storage/FPPK5S6K/Egozcue and Pawlowsky-Glahn - 2005 - Groups of Parts and Their Balances in Compositiona.pdf}
}

@article{frost2016,
  title = {Unsupervised Gene Set Testing Based on Random Matrix Theory},
  author = {Frost, H. Robert and Amos, Christopher I.},
  date = {2016-11-04},
  journaltitle = {BMC Bioinformatics},
  shortjournal = {BMC Bioinformatics},
  volume = {17},
  eprint = {27809777},
  eprinttype = {pmid},
  issn = {1471-2105},
  doi = {10.1186/s12859-016-1299-8},
  url = {https://www.ncbi.nlm.nih.gov/pmc/articles/PMC5096314/},
  urldate = {2020-09-21},
  pmcid = {PMC5096314},
  file = {/Users/quangnguyen/Zotero/storage/25THK7NT/Frost and Amos - 2016 - Unsupervised gene set testing based on random matr.pdf}
}

@article{frost2020,
  title = {Variance-Adjusted {{Mahalanobis}} ({{VAM}}): A Fast and Accurate Method for Cell-Specific Gene Set Scoring},
  shorttitle = {Variance-Adjusted {{Mahalanobis}} ({{VAM}})},
  author = {Frost, Hildreth Robert},
  date = {2020-09-18},
  journaltitle = {Nucleic Acids Research},
  shortjournal = {Nucleic Acids Research},
  volume = {48},
  number = {16},
  pages = {e94-e94},
  issn = {0305-1048},
  doi = {10.1093/nar/gkaa582},
  url = {https://doi.org/10.1093/nar/gkaa582},
  urldate = {2021-03-15},
  file = {/Users/quangnguyen/Zotero/storage/E99CBSWE/Frost - 2020 - Variance-adjusted Mahalanobis (VAM) a fast and ac.pdf;/Users/quangnguyen/Zotero/storage/WCHLPUE3/5868339.html}
}

@article{gevers2014,
  title = {The {{Treatment}}-{{Naive Microbiome}} in {{New}}-{{Onset Crohn}}‚Äôs {{Disease}}},
  author = {Gevers, Dirk and Kugathasan, Subra and Denson, Lee A. and V√°zquez-Baeza, Yoshiki and Van Treuren, Will and Ren, Boyu and Schwager, Emma and Knights, Dan and Song, Se Jin and Yassour, Moran and Morgan, Xochitl C. and Kostic, Aleksandar D. and Luo, Chengwei and Gonz√°lez, Antonio and McDonald, Daniel and Haberman, Yael and Walters, Thomas and Baker, Susan and Rosh, Joel and Stephens, Michael and Heyman, Melvin and Markowitz, James and Baldassano, Robert and Griffiths, Anne and Sylvester, Francisco and Mack, David and Kim, Sandra and Crandall, Wallace and Hyams, Jeffrey and Huttenhower, Curtis and Knight, Rob and Xavier, Ramnik J.},
  date = {2014-03-12},
  journaltitle = {Cell Host \& Microbe},
  shortjournal = {Cell Host \& Microbe},
  volume = {15},
  number = {3},
  pages = {382--392},
  issn = {1931-3128},
  doi = {10.1016/j.chom.2014.02.005},
  url = {https://www.sciencedirect.com/science/article/pii/S1931312814000638},
  urldate = {2021-03-12},
  langid = {english},
  file = {/Users/quangnguyen/Zotero/storage/CRRCJQF2/Gevers et al. - 2014 - The Treatment-Naive Microbiome in New-Onset Crohn‚Äô.pdf;/Users/quangnguyen/Zotero/storage/43PF43B4/S1931312814000638.html}
}

@article{gloor2017,
  title = {Microbiome {{Datasets Are Compositional}}: And {{This Is Not Optional}}},
  shorttitle = {Microbiome {{Datasets Are Compositional}}},
  author = {Gloor, Gregory B. and Macklaim, Jean M. and Pawlowsky-Glahn, Vera and Egozcue, Juan J.},
  date = {2017},
  journaltitle = {Frontiers in Microbiology},
  shortjournal = {Front. Microbiol.},
  volume = {8},
  issn = {1664-302X},
  doi = {10.3389/fmicb.2017.02224},
  url = {https://www.frontiersin.org/articles/10.3389/fmicb.2017.02224/full},
  urldate = {2018-12-04},
  langid = {english},
  keywords = {Bayesian estimation,Compositional data,Correlation,count normalization,Differential abundance,high-throughput sequencing,microbiota,Relative abundance},
  file = {/Users/quangnguyen/Zotero/storage/PZDMRFDB/Gloor et al_2017_Microbiome Datasets Are Compositional.pdf}
}

@article{goeman2007,
  title = {Analyzing Gene Expression Data in Terms of Gene Sets: Methodological Issues},
  shorttitle = {Analyzing Gene Expression Data in Terms of Gene Sets},
  author = {Goeman, Jelle J. and B√ºhlmann, Peter},
  date = {2007-04-15},
  journaltitle = {Bioinformatics},
  shortjournal = {Bioinformatics},
  volume = {23},
  number = {8},
  pages = {980--987},
  issn = {1367-4803},
  doi = {10.1093/bioinformatics/btm051},
  url = {https://doi.org/10.1093/bioinformatics/btm051},
  urldate = {2021-04-02},
  file = {/Users/quangnguyen/Zotero/storage/2UFQ7L3C/Goeman and B√ºhlmann - 2007 - Analyzing gene expression data in terms of gene se.pdf;/Users/quangnguyen/Zotero/storage/68UVD2PI/198511.html}
}

@article{gonzalez2018,
  title = {Qiita: Rapid, Web-Enabled Microbiome Meta-Analysis},
  shorttitle = {Qiita},
  author = {Gonzalez, Antonio and Navas-Molina, Jose A. and Kosciolek, Tomasz and McDonald, Daniel and V√°zquez-Baeza, Yoshiki and Ackermann, Gail and DeReus, Jeff and Janssen, Stefan and Swafford, Austin D. and Orchanian, Stephanie B. and Sanders, Jon G. and Shorenstein, Joshua and Holste, Hannes and Petrus, Semar and Robbins-Pianka, Adam and Brislawn, Colin J. and Wang, Mingxun and Rideout, Jai Ram and Bolyen, Evan and Dillon, Matthew and Caporaso, J. Gregory and Dorrestein, Pieter C. and Knight, Rob},
  date = {2018-10},
  journaltitle = {Nature Methods},
  volume = {15},
  number = {10},
  pages = {796--798},
  publisher = {{Nature Publishing Group}},
  issn = {1548-7105},
  doi = {10.1038/s41592-018-0141-9},
  url = {https://www.nature.com/articles/s41592-018-0141-9},
  urldate = {2021-03-12},
  issue = {10},
  langid = {english},
  file = {/Users/quangnguyen/Zotero/storage/UFUY6GIS/Gonzalez et al. - 2018 - Qiita rapid, web-enabled microbiome meta-analysis.pdf;/Users/quangnguyen/Zotero/storage/NSLQD24C/s41592-018-0141-9.html}
}

@article{greenacre2020,
  title = {Amalgamations Are Valid in Compositional Data Analysis, Can Be Used in Agglomerative Clustering, and Their Logratios Have an Inverse Transformation},
  author = {Greenacre, Michael},
  date = {2020-03-01},
  journaltitle = {Applied Computing and Geosciences},
  shortjournal = {Applied Computing and Geosciences},
  volume = {5},
  pages = {100017},
  issn = {2590-1974},
  doi = {10.1016/j.acags.2019.100017},
  url = {http://www.sciencedirect.com/science/article/pii/S2590197419300175},
  urldate = {2020-04-08},
  langid = {english},
  keywords = {Amalgamation,Balance,Clustering,Compositional data,Inverse transformation,Logratio transformation},
  file = {/Users/quangnguyen/Zotero/storage/JA8UGSGZ/Greenacre_2020_Amalgamations are valid in compositional data analysis, can be used in.pdf;/Users/quangnguyen/Zotero/storage/2IP6AJVN/S2590197419300175.html}
}

@article{hanzelmann2013,
  title = {{{GSVA}}: Gene Set Variation Analysis for Microarray and {{RNA}}-{{Seq}} Data},
  shorttitle = {{{GSVA}}},
  author = {H√§nzelmann, Sonja and Castelo, Robert and Guinney, Justin},
  date = {2013-01-16},
  journaltitle = {BMC Bioinformatics},
  shortjournal = {BMC Bioinformatics},
  volume = {14},
  number = {1},
  pages = {7},
  issn = {1471-2105},
  doi = {10.1186/1471-2105-14-7},
  url = {https://doi.org/10.1186/1471-2105-14-7},
  urldate = {2019-01-31},
  file = {/Users/quangnguyen/Zotero/storage/8MCFVBP3/H√§nzelmann et al. - 2013 - GSVA gene set variation analysis for microarray a.pdf;/Users/quangnguyen/Zotero/storage/UAAS8AB3/1471-2105-14-7.html}
}

@article{hawinkel2019,
  title = {A Broken Promise: Microbiome Differential Abundance Methods Do Not Control the False Discovery Rate},
  shorttitle = {A Broken Promise},
  author = {Hawinkel, Stijn and Mattiello, Federico and Bijnens, Luc and Thas, Olivier},
  date = {2019-01-18},
  journaltitle = {Briefings in Bioinformatics},
  shortjournal = {Brief Bioinform},
  volume = {20},
  number = {1},
  pages = {210--221},
  publisher = {{Oxford Academic}},
  issn = {1467-5463},
  doi = {10.1093/bib/bbx104},
  url = {https://academic.oup.com/bib/article/20/1/210/4091293},
  urldate = {2020-10-06},
  langid = {english},
  file = {/Users/quangnguyen/Zotero/storage/LZQT747U/Hawinkel et al. - 2019 - A broken promise microbiome differential abundanc.pdf;/Users/quangnguyen/Zotero/storage/8MM88FJV/4091293.html}
}

@article{ji2019,
  title = {Quantifying Spatiotemporal Variability and Noise in Absolute Microbiota Abundances Using Replicate Sampling},
  author = {Ji, Brian W. and Sheth, Ravi U. and Dixit, Purushottam D. and Huang, Yiming and Kaufman, Andrew and Wang, Harris H. and Vitkup, Dennis},
  date = {2019-08},
  journaltitle = {Nature Methods},
  volume = {16},
  number = {8},
  pages = {731--736},
  publisher = {{Nature Publishing Group}},
  issn = {1548-7105},
  doi = {10.1038/s41592-019-0467-y},
  url = {https://www.nature.com/articles/s41592-019-0467-y},
  urldate = {2020-04-07},
  issue = {8},
  langid = {english},
  file = {/Users/quangnguyen/Zotero/storage/SG6FKCNC/Ji et al_2019_Quantifying spatiotemporal variability and noise in absolute microbiota.pdf;/Users/quangnguyen/Zotero/storage/TS7K6NS2/s41592-019-0467-y.html}
}

@article{kaul2017,
  title = {Analysis of {{Microbiome Data}} in the {{Presence}} of {{Excess Zeros}}},
  author = {Kaul, Abhishek and Mandal, Siddhartha and Davidov, Ori and Peddada, Shyamal D.},
  date = {2017},
  journaltitle = {Frontiers in Microbiology},
  shortjournal = {Front. Microbiol.},
  volume = {8},
  publisher = {{Frontiers}},
  issn = {1664-302X},
  doi = {10.3389/fmicb.2017.02114},
  url = {https://www.frontiersin.org/articles/10.3389/fmicb.2017.02114/full},
  urldate = {2021-04-02},
  langid = {english},
  keywords = {Aitchison‚Äôs log-ratio,Bootstrap,covariates,cross-sectional data,false discovery rate (FDR).,Longitudinal Studies,Microbiome data},
  file = {/Users/quangnguyen/Zotero/storage/HNNHG7H3/Kaul et al. - 2017 - Analysis of Microbiome Data in the Presence of Exc.pdf}
}

@article{kaul2017a,
  title = {Structural Zeros in High-Dimensional Data with Applications to Microbiome Studies},
  author = {Kaul, Abhishek and Davidov, Ori and Peddada, Shyamal D.},
  date = {2017-07-01},
  journaltitle = {Biostatistics},
  shortjournal = {Biostatistics},
  volume = {18},
  number = {3},
  pages = {422--433},
  issn = {1465-4644},
  doi = {10.1093/biostatistics/kxw053},
  url = {https://doi.org/10.1093/biostatistics/kxw053},
  urldate = {2021-04-02},
  file = {/Users/quangnguyen/Zotero/storage/UNEG79W8/Kaul et al. - 2017 - Structural zeros in high-dimensional data with app.pdf;/Users/quangnguyen/Zotero/storage/VUK8JDVK/2870656.html}
}

@article{khatri2012,
  title = {Ten {{Years}} of {{Pathway Analysis}}: Current {{Approaches}} and {{Outstanding Challenges}}},
  shorttitle = {Ten {{Years}} of {{Pathway Analysis}}},
  author = {Khatri, Purvesh and Sirota, Marina and Butte, Atul J.},
  date = {2012-02-23},
  journaltitle = {PLOS Computational Biology},
  shortjournal = {PLOS Computational Biology},
  volume = {8},
  number = {2},
  pages = {e1002375},
  publisher = {{Public Library of Science}},
  issn = {1553-7358},
  doi = {10.1371/journal.pcbi.1002375},
  url = {https://journals.plos.org/ploscompbiol/article?id=10.1371/journal.pcbi.1002375},
  urldate = {2021-05-06},
  langid = {english},
  keywords = {Apoptosis,Gene expression,Genome analysis,Genome annotation,Human genomics,Microarrays,Proteomic databases,Pseudogenes},
  file = {/Users/quangnguyen/Zotero/storage/TPVG9KXE/Khatri et al. - 2012 - Ten Years of Pathway Analysis Current Approaches .pdf;/Users/quangnguyen/Zotero/storage/KMXNIA4F/article.html}
}

@article{koh2017,
  title = {A Powerful Microbiome-Based Association Test and a Microbial Taxa Discovery Framework for Comprehensive Association Mapping},
  author = {Koh, Hyunwook and Blaser, Martin J. and Li, Huilin},
  date = {2017-04-24},
  journaltitle = {Microbiome},
  shortjournal = {Microbiome},
  volume = {5},
  number = {1},
  pages = {45},
  issn = {2049-2618},
  doi = {10.1186/s40168-017-0262-x},
  url = {https://doi.org/10.1186/s40168-017-0262-x},
  urldate = {2020-04-03},
  file = {/Users/quangnguyen/Zotero/storage/L8PD8Z3M/Koh et al_2017_A powerful microbiome-based association test and a microbial taxa discovery.pdf;/Users/quangnguyen/Zotero/storage/R6K9D84V/s40168-017-0262-x.html}
}

@book{kuhn2020,
  title = {Tidymodels: Easily Install and Load the 'tidymodels' Packages},
  author = {Kuhn, Max and Wickham, Hadley},
  date = {2020},
  url = {https://CRAN.R-project.org/package=tidymodels}
}

@article{kurtz2015a,
  title = {Sparse and {{Compositionally Robust Inference}} of {{Microbial Ecological Networks}}},
  author = {Kurtz, Zachary D. and M√ºller, Christian L. and Miraldi, Emily R. and Littman, Dan R. and Blaser, Martin J. and Bonneau, Richard A.},
  date = {2015-05-07},
  journaltitle = {PLOS Computational Biology},
  shortjournal = {PLOS Computational Biology},
  volume = {11},
  number = {5},
  pages = {e1004226},
  publisher = {{Public Library of Science}},
  issn = {1553-7358},
  doi = {10.1371/journal.pcbi.1004226},
  url = {https://journals.plos.org/ploscompbiol/article?id=10.1371/journal.pcbi.1004226},
  urldate = {2020-09-23},
  langid = {english},
  keywords = {Centrality,Community structure,Covariance,Microbial ecology,Microbiome,Network analysis,Scale-free networks,Statistical data},
  file = {/Users/quangnguyen/Zotero/storage/8JF4ZTQJ/Kurtz et al. - 2015 - Sparse and Compositionally Robust Inference of Mic.pdf;/Users/quangnguyen/Zotero/storage/PMCKQNDJ/article.html}
}

@article{li2015,
  title = {Microbiome, {{Metagenomics}}, and {{High}}-{{Dimensional Compositional Data Analysis}}},
  author = {Li, Hongzhe},
  date = {2015},
  journaltitle = {Annual Review of Statistics and Its Application},
  volume = {2},
  number = {1},
  pages = {73--94},
  doi = {10.1146/annurev-statistics-010814-020351},
  url = {https://doi.org/10.1146/annurev-statistics-010814-020351},
  urldate = {2018-06-19},
  file = {/Users/quangnguyen/Zotero/storage/MBFRQVFK/Li - 2015 - Microbiome, Metagenomics, and High-Dimensional Com.pdf}
}

@incollection{li2019a,
  title = {Statistical and {{Computational Methods}} in {{Microbiome}} and {{Metagenomics}}},
  booktitle = {Handbook of {{Statistical Genomics}}},
  author = {Li, Hongzhe},
  date = {2019},
  pages = {977--550},
  publisher = {{John Wiley \& Sons, Ltd}},
  doi = {10.1002/9781119487845.ch35},
  url = {https://onlinelibrary.wiley.com/doi/abs/10.1002/9781119487845.ch35},
  urldate = {2021-03-22},
  isbn = {978-1-119-48784-5},
  langid = {english},
  keywords = {16S rRNA sequencing-based microbiome studies,computational metagenomic tools,integrative analysis,metabolic functions,microbiome feature estimation,microbiome mediation analysis,shotgun metagenomic sequencing,statistical methods},
  annotation = {\_eprint: https://onlinelibrary.wiley.com/doi/pdf/10.1002/9781119487845.ch35},
  file = {/Users/quangnguyen/Zotero/storage/ANLM9D3J/9781119487845.html}
}

@article{love2014,
  title = {Moderated Estimation of Fold Change and Dispersion for {{RNA}}-Seq Data with {{DESeq2}}},
  author = {Love, Michael I. and Huber, Wolfgang and Anders, Simon},
  date = {2014-12-05},
  journaltitle = {Genome Biology},
  shortjournal = {Genome Biology},
  volume = {15},
  number = {12},
  pages = {550},
  issn = {1474-760X},
  doi = {10.1186/s13059-014-0550-8},
  url = {https://doi.org/10.1186/s13059-014-0550-8},
  urldate = {2021-03-15},
  keywords = {DESeq2 Package,Differential Expression Analysis,Negative Binomial Generalize Linear Model,Observe Fisher Information,Read Count},
  file = {/Users/quangnguyen/Zotero/storage/PXATIA34/Love et al. - 2014 - Moderated estimation of fold change and dispersion.pdf;/Users/quangnguyen/Zotero/storage/6637BMCR/s13059-014-0550-8.html}
}

@article{lozupone2007,
  title = {Quantitative and {{Qualitative}} Œ≤ {{Diversity Measures Lead}} to {{Different Insights}} into {{Factors That Structure Microbial Communities}}},
  author = {Lozupone, Catherine A. and Hamady, Micah and Kelley, Scott T. and Knight, Rob},
  date = {2007-03-01},
  journaltitle = {Applied and Environmental Microbiology},
  shortjournal = {Appl. Environ. Microbiol.},
  volume = {73},
  number = {5},
  eprint = {17220268},
  eprinttype = {pmid},
  pages = {1576--1585},
  publisher = {{American Society for Microbiology}},
  issn = {0099-2240, 1098-5336},
  doi = {10.1128/AEM.01996-06},
  url = {https://aem.asm.org/content/73/5/1576},
  urldate = {2020-04-03},
  langid = {english},
  file = {/Users/quangnguyen/Zotero/storage/2YX6GWWD/Lozupone et al_2007_Quantitative and Qualitative Œ≤ Diversity Measures Lead to Different Insights.pdf;/Users/quangnguyen/Zotero/storage/VC9JRWWX/1576.html}
}

@article{ma2020,
  title = {A Novel Normalization and Differential Abundance Test Framework for Microbiome Data},
  author = {Ma, Yuanjing and Luo, Yuan and Jiang, Hongmei},
  date = {2020-07-01},
  journaltitle = {Bioinformatics},
  shortjournal = {Bioinformatics},
  volume = {36},
  number = {13},
  pages = {3959--3965},
  publisher = {{Oxford Academic}},
  issn = {1367-4803},
  doi = {10.1093/bioinformatics/btaa255},
  url = {https://academic.oup.com/bioinformatics/article/36/13/3959/5822876},
  urldate = {2020-09-19},
  langid = {english},
  file = {/Users/quangnguyen/Zotero/storage/MJ4KXP63/5822876.html}
}

@article{martin-fernandez2003,
  title = {Dealing with {{Zeros}} and {{Missing Values}} in {{Compositional Data Sets Using Nonparametric Imputation}}},
  author = {Martƒ±n-Fernandez, J A and Barcelo-Vidal, C and Pawlowsky-Glahn, V},
  date = {2003},
  journaltitle = {Mathematical Geology},
  pages = {26},
  langid = {english},
  file = {/Users/quangnguyen/Zotero/storage/EPM62LVB/Martƒ±n-Fernandez et al. - 2003 - Dealing with Zeros and Missing Values in Compositi.pdf}
}

@article{martin-fernandez2012,
  title = {Model-Based Replacement of Rounded Zeros in Compositional Data: Classical and Robust Approaches},
  shorttitle = {Model-Based Replacement of Rounded Zeros in Compositional Data},
  author = {Mart√≠n-Fern√°ndez, J. A. and Hron, K. and Templ, M. and Filzmoser, P. and Palarea-Albaladejo, J.},
  date = {2012-09-01},
  journaltitle = {Computational Statistics \& Data Analysis},
  shortjournal = {Computational Statistics \& Data Analysis},
  volume = {56},
  number = {9},
  pages = {2688--2704},
  issn = {0167-9473},
  doi = {10.1016/j.csda.2012.02.012},
  url = {https://www.sciencedirect.com/science/article/pii/S0167947312000941},
  urldate = {2021-05-10},
  langid = {english},
  keywords = {Balances,EM algorithm,Log-ratio transformations,Robust regression,Values below detection limit},
  file = {/Users/quangnguyen/Zotero/storage/ZSV4B8X3/S0167947312000941.html}
}

@article{martin2020,
  title = {Modeling Microbial Abundances and Dysbiosis with Beta-Binomial Regression},
  author = {Martin, Bryan D. and Witten, Daniela and Willis, Amy D.},
  date = {2020-03},
  journaltitle = {The Annals of Applied Statistics},
  volume = {14},
  number = {1},
  pages = {94--115},
  publisher = {{Institute of Mathematical Statistics}},
  issn = {1932-6157, 1941-7330},
  doi = {10.1214/19-AOAS1283},
  url = {https://projecteuclid.org/journals/annals-of-applied-statistics/volume-14/issue-1/Modeling-microbial-abundances-and-dysbiosis-with-beta-binomial-regression/10.1214/19-AOAS1283.full},
  urldate = {2021-03-15},
  keywords = {beta-binomial,correlated data,high throughput sequencing,microbiome,overdispersion,Relative abundance},
  file = {/Users/quangnguyen/Zotero/storage/DYUAIASW/Martin et al. - 2020 - Modeling microbial abundances and dysbiosis with b.pdf;/Users/quangnguyen/Zotero/storage/Y7T52XYX/19-AOAS1283.html}
}

@article{matseniv2013,
  title = {Edge {{Principal Components}} and {{Squash Clustering}}: Using the {{Special Structure}} of {{Phylogenetic Placement Data}} for {{Sample Comparison}}},
  shorttitle = {Edge {{Principal Components}} and {{Squash Clustering}}},
  author = {Matsen IV, Frederick A. and Evans, Steven N.},
  editor = {Moustafa, Ahmed},
  date = {2013-03-11},
  journaltitle = {PLoS ONE},
  volume = {8},
  number = {3},
  pages = {e56859},
  issn = {1932-6203},
  doi = {10.1371/journal.pone.0056859},
  url = {https://dx.plos.org/10.1371/journal.pone.0056859},
  urldate = {2020-04-03},
  langid = {english},
  file = {/Users/quangnguyen/Zotero/storage/HF46T6PV/Matsen IV and Evans - 2013 - Edge Principal Components and Squash Clustering U.pdf}
}

@software{matteocalgaro2020,
  title = {Mcalgaro93/Sc2meta: Paper {{Release}}},
  shorttitle = {Mcalgaro93/Sc2meta},
  author = {Matteo Calgaro},
  date = {2020-07-13},
  doi = {10.5281/zenodo.3942108},
  url = {https://zenodo.org/record/3942108},
  urldate = {2020-10-16},
  organization = {{Zenodo}},
  file = {/Users/quangnguyen/Zotero/storage/CXPN2FIJ/3942108.html}
}

@article{mcknight2019,
  title = {Methods for Normalizing Microbiome Data: An Ecological Perspective},
  shorttitle = {Methods for Normalizing Microbiome Data},
  author = {McKnight, Donald T. and Huerlimann, Roger and Bower, Deborah S. and Schwarzkopf, Lin and Alford, Ross A. and Zenger, Kyall R.},
  date = {2019},
  journaltitle = {Methods in Ecology and Evolution},
  volume = {10},
  number = {3},
  pages = {389--400},
  issn = {2041-210X},
  doi = {10.1111/2041-210X.13115},
  url = {https://besjournals.onlinelibrary.wiley.com/doi/abs/10.1111/2041-210X.13115},
  urldate = {2019-04-29},
  langid = {english},
  keywords = {Bray‚ÄìCurtis,community comparisons,diversity,evenness,ordination,principal coordinates analysis,simulation},
  file = {/Users/quangnguyen/Zotero/storage/A7XVF5M3/2041-210X.html}
}

@article{mclaren2019,
  title = {Consistent and Correctable Bias in Metagenomic Sequencing Experiments},
  author = {McLaren, Michael R and Willis, Amy D and Callahan, Benjamin J},
  editor = {Turnbaugh, Peter and Garrett, Wendy S and Turnbaugh, Peter and Quince, Christopher and Gibbons, Sean},
  date = {2019-09-10},
  journaltitle = {eLife},
  volume = {8},
  pages = {e46923},
  publisher = {{eLife Sciences Publications, Ltd}},
  issn = {2050-084X},
  doi = {10.7554/eLife.46923},
  url = {https://doi.org/10.7554/eLife.46923},
  urldate = {2021-05-27},
  keywords = {16S rRNA gene,bias,calibration,metagenomics,microbiome,reproducibility},
  file = {/Users/quangnguyen/Zotero/storage/F6ESQJPG/McLaren et al. - 2019 - Consistent and correctable bias in metagenomic seq.pdf}
}

@article{mcmurdie2014,
  title = {Waste {{Not}}, {{Want Not}}: Why {{Rarefying Microbiome Data Is Inadmissible}}},
  shorttitle = {Waste {{Not}}, {{Want Not}}},
  author = {McMurdie, Paul J. and Holmes, Susan},
  date = {2014-04-03},
  journaltitle = {PLOS Computational Biology},
  shortjournal = {PLOS Computational Biology},
  volume = {10},
  number = {4},
  pages = {e1003531},
  issn = {1553-7358},
  doi = {10.1371/journal.pcbi.1003531},
  url = {https://journals.plos.org/ploscompbiol/article?id=10.1371/journal.pcbi.1003531},
  urldate = {2019-04-29},
  langid = {english},
  keywords = {Binomials,DNA sequence analysis,DNA sequencing,Microbiome,RNA analysis,RNA sequencing,Simulation and modeling,Statistical data},
  file = {/Users/quangnguyen/Zotero/storage/UIBTS2N3/McMurdie_Holmes_2014_Waste Not, Want Not.pdf;/Users/quangnguyen/Zotero/storage/GT7JHSVX/article.html}
}

@article{morton2017,
  title = {Balance {{Trees Reveal Microbial Niche Differentiation}}},
  author = {Morton, James T. and Sanders, Jon and Quinn, Robert A. and McDonald, Daniel and Gonzalez, Antonio and V√°zquez-Baeza, Yoshiki and Navas-Molina, Jose A. and Song, Se Jin and Metcalf, Jessica L. and Hyde, Embriette R. and Lladser, Manuel and Dorrestein, Pieter C. and Knight, Rob},
  date = {2017-02-28},
  journaltitle = {mSystems},
  volume = {2},
  number = {1},
  eprint = {28144630},
  eprinttype = {pmid},
  pages = {e00162-16},
  issn = {2379-5077},
  doi = {10.1128/mSystems.00162-16},
  url = {https://msystems.asm.org/content/2/1/e00162-16},
  urldate = {2019-04-29},
  langid = {english},
  file = {/Users/quangnguyen/Zotero/storage/YYLYNUE4/Morton et al_2017_Balance Trees Reveal Microbial Niche Differentiation.pdf;/Users/quangnguyen/Zotero/storage/4D3PRTUI/e00162-16.html}
}

@article{morton2019,
  title = {Establishing Microbial Composition Measurement Standards with Reference Frames},
  author = {Morton, James T. and Marotz, Clarisse and Washburne, Alex and Silverman, Justin and Zaramela, Livia S. and Edlund, Anna and Zengler, Karsten and Knight, Rob},
  date = {2019-12},
  journaltitle = {Nature Communications},
  volume = {10},
  number = {1},
  issn = {2041-1723},
  doi = {10.1038/s41467-019-10656-5},
  url = {http://www.nature.com/articles/s41467-019-10656-5},
  urldate = {2020-05-03},
  langid = {english},
  file = {/Users/quangnguyen/Zotero/storage/FQYMYEU6/Morton et al. - 2019 - Establishing microbial composition measurement sta.pdf}
}

@article{naim2012,
  title = {Convergence of the {{EM Algorithm}} for {{Gaussian Mixtures}} with {{Unbalanced Mixing Coefficients}}},
  author = {Naim, Iftekhar and Gildea, Daniel},
  date = {2012},
  journaltitle = {Proceedings of the 29th International Coference on International Conference on Machine Learning},
  shortjournal = {ICML},
  pages = {8},
  doi = {10.5555/3042573.3042756},
  langid = {english},
  file = {/Users/quangnguyen/Zotero/storage/V2WV6BRY/Naim and Gildea - Convergence of the EM Algorithm for Gaussian Mixtu.pdf}
}

@article{nielsen2014,
  title = {Identification and Assembly of Genomes and Genetic Elements in Complex Metagenomic Samples without Using Reference Genomes},
  author = {Nielsen, H. Bj√∏rn and Almeida, Mathieu and Juncker, Agnieszka Sierakowska and Rasmussen, Simon and Li, Junhua and Sunagawa, Shinichi and Plichta, Damian R. and Gautier, Laurent and Pedersen, Anders G. and Le Chatelier, Emmanuelle and Pelletier, Eric and Bonde, Ida and Nielsen, Trine and Manichanh, Chaysavanh and Arumugam, Manimozhiyan and Batto, Jean-Michel and Quintanilha Dos Santos, Marcelo B. and Blom, Nikolaj and Borruel, Natalia and Burgdorf, Kristoffer S. and Boumezbeur, Fouad and Casellas, Francesc and Dor√©, Jo√´l and Dworzynski, Piotr and Guarner, Francisco and Hansen, Torben and Hildebrand, Falk and Kaas, Rolf S. and Kennedy, Sean and Kristiansen, Karsten and Kultima, Jens Roat and L√©onard, Pierre and Levenez, Florence and Lund, Ole and Moumen, Bouziane and Le Paslier, Denis and Pons, Nicolas and Pedersen, Oluf and Prifti, Edi and Qin, Junjie and Raes, Jeroen and S√∏rensen, S√∏ren and Tap, Julien and Tims, Sebastian and Ussery, David W. and Yamada, Takuji and {MetaHIT Consortium} and Renault, Pierre and Sicheritz-Ponten, Thomas and Bork, Peer and Wang, Jun and Brunak, S√∏ren and Ehrlich, S. Dusko and {MetaHIT Consortium}},
  date = {2014-08},
  journaltitle = {Nature Biotechnology},
  shortjournal = {Nat Biotechnol},
  volume = {32},
  number = {8},
  eprint = {24997787},
  eprinttype = {pmid},
  pages = {822--828},
  issn = {1546-1696},
  doi = {10.1038/nbt.2939},
  langid = {english},
  keywords = {Cluster Analysis,Databases; Genetic,Metagenomics}
}

@article{pasolli2017,
  title = {Accessible, Curated Metagenomic Data through {{ExperimentHub}}},
  author = {Pasolli, Edoardo and Schiffer, Lucas and Manghi, Paolo and Renson, Audrey and Obenchain, Valerie and Truong, Duy Tin and Beghini, Francesco and Malik, Faizan and Ramos, Marcel and Dowd, Jennifer B. and Huttenhower, Curtis and Morgan, Martin and Segata, Nicola and Waldron, Levi},
  date = {2017-11},
  journaltitle = {Nature Methods},
  volume = {14},
  number = {11},
  pages = {1023--1024},
  publisher = {{Nature Publishing Group}},
  issn = {1548-7105},
  doi = {10.1038/nmeth.4468},
  url = {https://www.nature.com/articles/nmeth.4468},
  urldate = {2021-01-04},
  issue = {11},
  langid = {english},
  file = {/Users/quangnguyen/Zotero/storage/Z7ZVYDKP/Pasolli et al. - 2017 - Accessible, curated metagenomic data through Exper.pdf;/Users/quangnguyen/Zotero/storage/UJT45FDB/nmeth.html}
}

@article{proctor2019,
  title = {The {{Integrative Human Microbiome Project}}},
  author = {Proctor, Lita M. and Creasy, Heather H. and Fettweis, Jennifer M. and Lloyd-Price, Jason and Mahurkar, Anup and Zhou, Wenyu and Buck, Gregory A. and Snyder, Michael P. and Strauss, Jerome F. and Weinstock, George M. and White, Owen and Huttenhower, Curtis and {The Integrative HMP (iHMP) Research Network Consortium}},
  date = {2019-05},
  journaltitle = {Nature},
  volume = {569},
  number = {7758},
  pages = {641--648},
  publisher = {{Nature Publishing Group}},
  issn = {1476-4687},
  doi = {10.1038/s41586-019-1238-8},
  url = {https://www.nature.com/articles/s41586-019-1238-8},
  urldate = {2021-03-15},
  issue = {7758},
  langid = {english},
  file = {/Users/quangnguyen/Zotero/storage/LHNLQ6VT/Proctor et al. - 2019 - The Integrative Human Microbiome Project.pdf;/Users/quangnguyen/Zotero/storage/3IAERPVV/s41586-019-1238-8.html}
}

@article{quast2013,
  title = {The {{SILVA}} Ribosomal {{RNA}} Gene Database Project: Improved Data Processing and Web-Based Tools},
  shorttitle = {The {{SILVA}} Ribosomal {{RNA}} Gene Database Project},
  author = {Quast, Christian and Pruesse, Elmar and Yilmaz, Pelin and Gerken, Jan and Schweer, Timmy and Yarza, Pablo and Peplies, J√∂rg and Gl√∂ckner, Frank Oliver},
  date = {2013-01-01},
  journaltitle = {Nucleic Acids Research},
  shortjournal = {Nucleic Acids Res},
  volume = {41},
  number = {D1},
  pages = {D590-D596},
  publisher = {{Oxford Academic}},
  issn = {0305-1048},
  doi = {10.1093/nar/gks1219},
  url = {https://academic.oup.com/nar/article/41/D1/D590/1069277},
  urldate = {2020-10-28},
  langid = {english},
  file = {/Users/quangnguyen/Zotero/storage/4ZHU84IB/Quast et al. - 2013 - The SILVA ribosomal RNA gene database project imp.pdf;/Users/quangnguyen/Zotero/storage/AH23VQR4/1069277.html}
}

@article{quinn2018,
  title = {Understanding Sequencing Data as Compositions: An Outlook and Review},
  shorttitle = {Understanding Sequencing Data as Compositions},
  author = {Quinn, Thomas P and Erb, Ionas and Richardson, Mark F and Crowley, Tamsyn M},
  date = {2018-08-15},
  journaltitle = {Bioinformatics},
  shortjournal = {Bioinformatics},
  volume = {34},
  number = {16},
  pages = {2870--2878},
  issn = {1367-4803},
  doi = {10.1093/bioinformatics/bty175},
  url = {https://doi.org/10.1093/bioinformatics/bty175},
  urldate = {2021-04-02},
  file = {/Users/quangnguyen/Zotero/storage/NZPLXKY2/Quinn et al. - 2018 - Understanding sequencing data as compositions an .pdf;/Users/quangnguyen/Zotero/storage/9F8WV8ZM/4956011.html}
}

@article{quinn2018a,
  title = {Visualizing Balances of Compositional Data: A New Alternative to Balance Dendrograms},
  shorttitle = {Visualizing Balances of Compositional Data},
  author = {Quinn, Thomas P.},
  date = {2018-08-14},
  journaltitle = {F1000Research},
  shortjournal = {F1000Res},
  volume = {7},
  eprint = {30228880},
  eprinttype = {pmid},
  issn = {2046-1402},
  doi = {10.12688/f1000research.15858.1},
  url = {https://www.ncbi.nlm.nih.gov/pmc/articles/PMC6124381/},
  urldate = {2020-04-08},
  pmcid = {PMC6124381},
  file = {/Users/quangnguyen/Zotero/storage/NSLPLCJ2/Quinn_2018_Visualizing balances of compositional data.pdf}
}

@article{quinn2019,
  title = {A Field Guide for the Compositional Analysis of Any-Omics Data},
  author = {Quinn, Thomas P and Erb, Ionas and Gloor, Greg and Notredame, Cedric and Richardson, Mark F and Crowley, Tamsyn M},
  date = {2019-09-01},
  journaltitle = {GigaScience},
  shortjournal = {GigaScience},
  volume = {8},
  issn = {2047-217X},
  doi = {10.1093/gigascience/giz107},
  url = {https://doi.org/10.1093/gigascience/giz107},
  urldate = {2021-04-02},
  issue = {giz107},
  file = {/Users/quangnguyen/Zotero/storage/CBYMF4SA/Quinn et al. - 2019 - A field guide for the compositional analysis of an.pdf;/Users/quangnguyen/Zotero/storage/F8ZXQETN/5572529.html}
}

@report{quinn2020,
  type = {preprint},
  title = {Amalgams: Data-Driven Amalgamation for the Reference-Free Dimensionality Reduction of Zero-Laden Compositional Data},
  shorttitle = {Amalgams},
  author = {Quinn, Thomas P. and Erb, Ionas},
  date = {2020-02-28},
  institution = {{Bioinformatics}},
  doi = {10.1101/2020.02.27.968677},
  url = {http://biorxiv.org/lookup/doi/10.1101/2020.02.27.968677},
  urldate = {2020-04-08},
  langid = {english},
  file = {/Users/quangnguyen/Zotero/storage/I4CQI6KN/2020.02.27.968677v1.full.pdf}
}

@article{schiffer2019,
  title = {{{HMP16SData}}: Efficient Access to the Human Microbiome Project through Bioconductor},
  author = {Schiffer, Lucas and Azhar, Rimsha and Shepherd, Lori and Ramos, Marcel and Geistlinger, Ludwig and Huttenhower, Curtis and Dowd, Jennifer B and Segata, Nicola and Waldron, Levi},
  date = {2019},
  journaltitle = {American Journal of Epidemiology},
  publisher = {{Oxford University Press}},
  doi = {10.1093/aje/kwz006}
}

@article{sharma2019a,
  title = {Gut Microbiome and Type 2 Diabetes: Where We Are and Where to Go?},
  shorttitle = {Gut Microbiome and Type 2 Diabetes},
  author = {Sharma, Sapna and Tripathi, Prabhanshu},
  date = {2019-01-01},
  journaltitle = {The Journal of Nutritional Biochemistry},
  shortjournal = {The Journal of Nutritional Biochemistry},
  volume = {63},
  pages = {101--108},
  issn = {0955-2863},
  doi = {10.1016/j.jnutbio.2018.10.003},
  url = {https://www.sciencedirect.com/science/article/pii/S0955286318303073},
  urldate = {2021-05-11},
  langid = {english},
  keywords = {Dysbiosis,Gut microbiome,Gut permeability,Intestinal integrity,SCFAs,T2D,Tight junctions},
  file = {/Users/quangnguyen/Zotero/storage/PMYTY2UK/Sharma and Tripathi - 2019 - Gut microbiome and type 2 diabetes where we are a.pdf;/Users/quangnguyen/Zotero/storage/MF4N62I2/S0955286318303073.html}
}

@article{shi2016a,
  title = {Regression Analysis for Microbiome Compositional Data},
  author = {Shi, Pixu and Zhang, Anru and Li, Hongzhe},
  date = {2016-06},
  journaltitle = {The Annals of Applied Statistics},
  shortjournal = {Ann. Appl. Stat.},
  volume = {10},
  number = {2},
  pages = {1019--1040},
  issn = {1932-6157, 1941-7330},
  doi = {10.1214/16-AOAS928},
  url = {https://projecteuclid.org/euclid.aoas/1469199903},
  urldate = {2020-02-18},
  langid = {english},
  mrnumber = {MR3528370},
  zmnumber = {06625679},
  keywords = {Compositional coherence,coordinate descent method of multipliers,high dimension,log-contrast model,model selection,regularization},
  file = {/Users/quangnguyen/Zotero/storage/X59JI884/Shi et al. - 2016 - Regression analysis for microbiome compositional d.pdf;/Users/quangnguyen/Zotero/storage/F4UKXIPS/1469199903.html}
}

@article{silverman2017b,
  title = {A Phylogenetic Transform Enhances Analysis of Compositional Microbiota Data},
  author = {Silverman, Justin D and Washburne, Alex D and Mukherjee, Sayan and David, Lawrence A},
  editor = {Fodor, Anthony},
  date = {2017-02-15},
  journaltitle = {eLife},
  volume = {6},
  pages = {e21887},
  publisher = {{eLife Sciences Publications, Ltd}},
  issn = {2050-084X},
  doi = {10.7554/eLife.21887},
  url = {https://doi.org/10.7554/eLife.21887},
  urldate = {2020-04-09},
  keywords = {compositional data,metagenomics,microbial evolution,microbiome,Phylogenetics},
  file = {/Users/quangnguyen/Zotero/storage/DAKBM4M9/Silverman et al_2017_A phylogenetic transform enhances analysis of compositional microbiota data.pdf}
}

@article{sohn2015,
  title = {A Robust Approach for Identifying Differentially Abundant Features in Metagenomic Samples},
  author = {Sohn, Michael B. and Du, Ruofei and An, Lingling},
  date = {2015-07-15},
  journaltitle = {Bioinformatics},
  shortjournal = {Bioinformatics},
  volume = {31},
  number = {14},
  pages = {2269--2275},
  publisher = {{Oxford Academic}},
  issn = {1367-4803},
  doi = {10.1093/bioinformatics/btv165},
  url = {https://academic.oup.com/bioinformatics/article/31/14/2269/256302},
  urldate = {2020-09-23},
  langid = {english},
  file = {/Users/quangnguyen/Zotero/storage/D4LVRMP5/Sohn et al. - 2015 - A robust approach for identifying differentially a.pdf;/Users/quangnguyen/Zotero/storage/736CHB3R/256302.html}
}

@article{subramanian2005,
  title = {Gene Set Enrichment Analysis: A Knowledge-Based Approach for Interpreting Genome-Wide Expression Profiles},
  shorttitle = {Gene Set Enrichment Analysis},
  author = {Subramanian, Aravind and Tamayo, Pablo and Mootha, Vamsi K. and Mukherjee, Sayan and Ebert, Benjamin L. and Gillette, Michael A. and Paulovich, Amanda and Pomeroy, Scott L. and Golub, Todd R. and Lander, Eric S. and Mesirov, Jill P.},
  date = {2005-10-25},
  journaltitle = {Proceedings of the National Academy of Sciences},
  shortjournal = {PNAS},
  volume = {102},
  number = {43},
  eprint = {16199517},
  eprinttype = {pmid},
  pages = {15545--15550},
  publisher = {{National Academy of Sciences}},
  issn = {0027-8424, 1091-6490},
  doi = {10.1073/pnas.0506580102},
  url = {https://www.pnas.org/content/102/43/15545},
  urldate = {2021-05-07},
  langid = {english},
  keywords = {microarray},
  file = {/Users/quangnguyen/Zotero/storage/3CK6ALTP/Subramanian et al. - 2005 - Gene set enrichment analysis A knowledge-based ap.pdf;/Users/quangnguyen/Zotero/storage/7TFDWXJ5/15545.html}
}

@article{thurnheer2016,
  title = {Microbial Dynamics during Conversion from Supragingival to Subgingival Biofilms in an in Vitro Model},
  author = {Thurnheer, T. and Bostanci, N. and Belibasakis, G. N.},
  date = {2016-04},
  journaltitle = {Molecular Oral Microbiology},
  shortjournal = {Mol Oral Microbiol},
  volume = {31},
  number = {2},
  eprint = {26033167},
  eprinttype = {pmid},
  pages = {125--135},
  issn = {2041-1014},
  doi = {10.1111/omi.12108},
  langid = {english},
  keywords = {Bacteria; Aerobic,Bacteria; Anaerobic,biofilms,Biofilms,caries,ecological,Gingiva,Gingival Diseases,Humans,In Vitro Techniques,Microbial Consortia,microenvironment,oral cavity,periodontal disease,subgingival,supragingival}
}

@article{tian2005,
  title = {Discovering Statistically Significant Pathways in Expression Profiling Studies},
  author = {Tian, Lu and Greenberg, Steven A. and Kong, Sek Won and Altschuler, Josiah and Kohane, Isaac S. and Park, Peter J.},
  date = {2005-09-20},
  journaltitle = {Proceedings of the National Academy of Sciences},
  shortjournal = {PNAS},
  volume = {102},
  number = {38},
  eprint = {16174746},
  eprinttype = {pmid},
  pages = {13544--13549},
  publisher = {{National Academy of Sciences}},
  issn = {0027-8424, 1091-6490},
  doi = {10.1073/pnas.0506577102},
  url = {https://www.pnas.org/content/102/38/13544},
  urldate = {2020-04-14},
  langid = {english},
  keywords = {correlated data,gene ontology,inflammatory myopathies,microarrays,normalization},
  file = {/Users/quangnguyen/Zotero/storage/8C5TB5AJ/Tian et al_2005_Discovering statistically significant pathways in expression profiling studies.pdf;/Users/quangnguyen/Zotero/storage/4M39C9NG/13544.html}
}

@article{truong2015,
  title = {{{MetaPhlAn2}} for Enhanced Metagenomic Taxonomic Profiling},
  author = {Truong, Duy Tin and Franzosa, Eric A. and Tickle, Timothy L. and Scholz, Matthias and Weingart, George and Pasolli, Edoardo and Tett, Adrian and Huttenhower, Curtis and Segata, Nicola},
  date = {2015-10},
  journaltitle = {Nature Methods},
  volume = {12},
  number = {10},
  pages = {902--903},
  issn = {1548-7105},
  doi = {10.1038/nmeth.3589},
  url = {https://www.nature.com/articles/nmeth.3589},
  urldate = {2019-04-29},
  langid = {english},
  file = {/Users/quangnguyen/Zotero/storage/8IKT7NTS/Truong et al_2015_MetaPhlAn2 for enhanced metagenomic taxonomic profiling.pdf;/Users/quangnguyen/Zotero/storage/VHVV4HVV/nmeth.html}
}

@article{washburne2017a,
  title = {Phylogenetic Factorization of Compositional Data Yields Lineage-Level Associations in Microbiome Datasets},
  author = {Washburne, Alex D. and Silverman, Justin D. and Leff, Jonathan W. and Bennett, Dominic J. and Darcy, John L. and Mukherjee, Sayan and Fierer, Noah and David, Lawrence A.},
  date = {2017-02-09},
  journaltitle = {PeerJ},
  shortjournal = {PeerJ},
  volume = {5},
  pages = {e2969},
  publisher = {{PeerJ Inc.}},
  issn = {2167-8359},
  doi = {10.7717/peerj.2969},
  url = {https://peerj.com/articles/2969},
  urldate = {2021-03-15},
  langid = {english},
  file = {/Users/quangnguyen/Zotero/storage/ITGWTBMD/Washburne et al. - 2017 - Phylogenetic factorization of compositional data y.pdf;/Users/quangnguyen/Zotero/storage/PEKRATX6/2969.html}
}

@article{washburne2017b,
  title = {Phylogenetic Factorization of Compositional Data Yields Lineage-Level Associations in Microbiome Datasets},
  author = {Washburne, Alex D. and Silverman, Justin D. and Leff, Jonathan W. and Bennett, Dominic J. and Darcy, John L. and Mukherjee, Sayan and Fierer, Noah and David, Lawrence A.},
  date = {2017-02-09},
  journaltitle = {PeerJ},
  shortjournal = {PeerJ},
  volume = {5},
  pages = {e2969},
  publisher = {{PeerJ Inc.}},
  issn = {2167-8359},
  doi = {10.7717/peerj.2969},
  url = {https://peerj.com/articles/2969},
  urldate = {2020-04-08},
  langid = {english},
  file = {/Users/quangnguyen/Zotero/storage/NB8RL5FE/Washburne et al_2017_Phylogenetic factorization of compositional data yields lineage-level.pdf;/Users/quangnguyen/Zotero/storage/KBZHTPG6/2969.html}
}

@article{weiss2017,
  title = {Normalization and Microbial Differential Abundance Strategies Depend upon Data Characteristics},
  author = {Weiss, Sophie and Xu, Zhenjiang Zech and Peddada, Shyamal and Amir, Amnon and Bittinger, Kyle and Gonzalez, Antonio and Lozupone, Catherine and Zaneveld, Jesse R. and V√°zquez-Baeza, Yoshiki and Birmingham, Amanda and Hyde, Embriette R. and Knight, Rob},
  date = {2017-12},
  journaltitle = {Microbiome},
  volume = {5},
  number = {1},
  issn = {2049-2618},
  doi = {10.1186/s40168-017-0237-y},
  url = {http://microbiomejournal.biomedcentral.com/articles/10.1186/s40168-017-0237-y},
  urldate = {2018-04-08},
  langid = {english},
  file = {/Users/quangnguyen/Zotero/storage/NYTPM6BV/Weiss et al. - 2017 - Normalization and microbial differential abundance.pdf}
}

@article{wu2012,
  title = {Camera: A Competitive Gene Set Test Accounting for Inter-Gene Correlation},
  shorttitle = {Camera},
  author = {Wu, Di and Smyth, Gordon K.},
  date = {2012-09-01},
  journaltitle = {Nucleic Acids Research},
  shortjournal = {Nucleic Acids Res},
  volume = {40},
  number = {17},
  eprint = {22638577},
  eprinttype = {pmid},
  pages = {e133},
  issn = {1362-4962},
  doi = {10.1093/nar/gks461},
  langid = {english},
  pmcid = {PMC3458527},
  keywords = {Animals,Breast Neoplasms,Data Interpretation; Statistical,Female,Gene Expression Profiling,Humans,Mice,Software,Statistics; Nonparametric},
  file = {/Users/quangnguyen/Zotero/storage/X7SS6E3A/Wu_Smyth_2012_Camera.pdf}
}

@article{xiao2018c,
  title = {A {{Phylogeny}}-{{Regularized Sparse Regression Model}} for {{Predictive Modeling}} of {{Microbial Community Data}}},
  author = {Xiao, Jian and Chen, Li and Yu, Yue and Zhang, Xianyang and Chen, Jun},
  date = {2018-12-19},
  journaltitle = {Frontiers in Microbiology},
  shortjournal = {Front Microbiol},
  volume = {9},
  eprint = {30619188},
  eprinttype = {pmid},
  issn = {1664-302X},
  doi = {10.3389/fmicb.2018.03112},
  url = {https://www.ncbi.nlm.nih.gov/pmc/articles/PMC6305753/},
  urldate = {2020-04-03},
  pmcid = {PMC6305753},
  file = {/Users/quangnguyen/Zotero/storage/NMDZ94WV/Xiao et al_2018_A Phylogeny-Regularized Sparse Regression Model for Predictive Modeling of.pdf}
}

@article{yaari2013,
  title = {Quantitative Set Analysis for Gene Expression: A Method to Quantify Gene Set Differential Expression Including Gene-Gene Correlations},
  shorttitle = {Quantitative Set Analysis for Gene Expression},
  author = {Yaari, Gur and Bolen, Christopher R. and Thakar, Juilee and Kleinstein, Steven H.},
  date = {2013-10},
  journaltitle = {Nucleic Acids Research},
  shortjournal = {Nucleic Acids Res},
  volume = {41},
  number = {18},
  eprint = {23921631},
  eprinttype = {pmid},
  pages = {e170},
  issn = {0305-1048},
  doi = {10.1093/nar/gkt660},
  url = {https://www.ncbi.nlm.nih.gov/pmc/articles/PMC3794608/},
  urldate = {2020-11-12},
  pmcid = {PMC3794608},
  file = {/Users/quangnguyen/Zotero/storage/JFMHNSKV/Yaari et al. - 2013 - Quantitative set analysis for gene expression a m.pdf}
}


