
@article{ackerman2009,
  title = {A General Modular Framework for Gene Set Enrichment Analysis},
  author = {Ackermann, Marit and Strimmer, Korbinian},
  year = {2009},
  journal = {BMC bioinformatics},
  volume = {10},
  number = {1},
  pages = {1--20},
  publisher = {{Springer}}
}

@article{agresti1998,
  title = {Approximate {{Is Better}} than "{{Exact}}" for {{Interval Estimation}} of {{Binomial Proportions}}},
  author = {Agresti, Alan and Coull, Brent A.},
  year = {1998},
  journal = {The American Statistician},
  volume = {52},
  number = {2},
  pages = {119--126},
  publisher = {{[American Statistical Association, Taylor \& Francis, Ltd.]}},
  issn = {0003-1305},
  doi = {10.2307/2685469}
}

@article{aitchison1980,
  title = {Logistic-Normal Distributions:{{Some}} Properties and Uses},
  shorttitle = {Logistic-Normal Distributions},
  author = {Aitchison, J. and Shen, S.M.},
  year = {1980},
  month = jan,
  journal = {Biometrika},
  volume = {67},
  number = {2},
  pages = {261--272},
  issn = {0006-3444},
  doi = {10.1093/biomet/67.2.261},
  file = {/Users/quangnguyen/Zotero/storage/SMWRGP6X/314675.html}
}

@article{aitchison1994,
  title = {Principles of Compositional Data Analysis},
  author = {Aitchison, John},
  year = {1994},
  journal = {Lecture Notes-Monograph Series},
  pages = {73--81},
  publisher = {{JSTOR}}
}

@article{aoun2020,
  title = {The {{Influence}} of the {{Gut Microbiome}} on {{Obesity}} in {{Adults}} and the {{Role}} of {{Probiotics}}, {{Prebiotics}}, and {{Synbiotics}} for {{Weight Loss}}},
  author = {Aoun, Antoine and Darwish, Fatima and Hamod, Natacha},
  year = {2020},
  month = jun,
  journal = {Preventive Nutrition and Food Science},
  volume = {25},
  number = {2},
  pages = {113--123},
  issn = {2287-1098},
  doi = {10.3746/pnf.2020.25.2.113},
  pmcid = {PMC7333005},
  pmid = {32676461},
  file = {/Users/quangnguyen/Zotero/storage/GU5UHXWH/Aoun et al. - 2020 - The Influence of the Gut Microbiome on Obesity in .pdf}
}

@article{ashburner2000,
  title = {Gene {{Ontology}}: Tool for the Unification of Biology},
  shorttitle = {Gene {{Ontology}}},
  author = {Ashburner, Michael and Ball, Catherine A. and Blake, Judith A. and Botstein, David and Butler, Heather and Cherry, J. Michael and Davis, Allan P. and Dolinski, Kara and Dwight, Selina S. and Eppig, Janan T. and Harris, Midori A. and Hill, David P. and {Issel-Tarver}, Laurie and Kasarskis, Andrew and Lewis, Suzanna and Matese, John C. and Richardson, Joel E. and Ringwald, Martin and Rubin, Gerald M. and Sherlock, Gavin},
  year = {2000},
  month = may,
  journal = {Nature genetics},
  volume = {25},
  number = {1},
  pages = {25--29},
  issn = {1061-4036},
  doi = {10.1038/75556},
  pmcid = {PMC3037419},
  pmid = {10802651},
  file = {/Users/quangnguyen/Zotero/storage/EM7DBMPY/Ashburner et al. - 2000 - Gene Ontology tool for the unification of biology.pdf}
}

@article{barbie2009,
  title = {Systematic {{RNA}} Interference Reveals That Oncogenic {{{\emph{KRAS}}}}-Driven Cancers Require {{TBK1}}},
  author = {Barbie, David A. and Tamayo, Pablo and Boehm, Jesse S. and Kim, So Young and Moody, Susan E. and Dunn, Ian F. and Schinzel, Anna C. and Sandy, Peter and Meylan, Etienne and Scholl, Claudia and Fr{\"o}hling, Stefan and Chan, Edmond M. and Sos, Martin L. and Michel, Kathrin and Mermel, Craig and Silver, Serena J. and Weir, Barbara A. and Reiling, Jan H. and Sheng, Qing and Gupta, Piyush B. and Wadlow, Raymond C. and Le, Hanh and Hoersch, Sebastian and Wittner, Ben S. and Ramaswamy, Sridhar and Livingston, David M. and Sabatini, David M. and Meyerson, Matthew and Thomas, Roman K. and Lander, Eric S. and Mesirov, Jill P. and Root, David E. and Gilliland, D. Gary and Jacks, Tyler and Hahn, William C.},
  year = {2009},
  month = nov,
  journal = {Nature},
  volume = {462},
  number = {7269},
  pages = {108--112},
  issn = {1476-4687},
  doi = {10.1038/nature08460},
  copyright = {2009 Nature Publishing Group},
  langid = {english},
  file = {/Users/quangnguyen/Zotero/storage/QV32J44C/Barbie et al. - 2009 - Systematic RNA interference reveals that oncogenic.pdf;/Users/quangnguyen/Zotero/storage/2RY42HBR/nature08460.html}
}

@article{beghini2019,
  title = {Tobacco Exposure Associated with Oral Microbiota Oxygen Utilization in the {{New York City Health}} and {{Nutrition Examination Study}}},
  author = {Beghini, Francesco and Renson, Audrey and Zolnik, Christine P. and Geistlinger, Ludwig and Usyk, Mykhaylo and Moody, Thomas U. and Thorpe, Lorna and Dowd, Jennifer B. and Burk, Robert and Segata, Nicola and Jones, Heidi E. and Waldron, Levi},
  year = {2019},
  month = jun,
  journal = {Annals of Epidemiology},
  volume = {34},
  pages = {18-25.e3},
  issn = {1873-2585},
  doi = {10.1016/j.annepidem.2019.03.005},
  langid = {english},
  pmcid = {PMC6548637},
  pmid = {31076212},
  keywords = {16S,Adult,Biomarkers,Cotinine,Female,Human microbiome,Humans,Male,Microbiota,Mouth,New York City,Oral health,Ribosomal,RNA,RNA; Ribosomal; 16S,Saliva,Smoking,Tobacco,Tobacco Smoke Pollution,Tobacco Smoking},
  file = {/Users/quangnguyen/Zotero/storage/JNB8N256/Beghini et al. - 2019 - Tobacco exposure associated with oral microbiota o.pdf}
}

@article{benaglia2009,
  title = {Mixtools: {{An R}} Package for Analyzing Finite Mixture Models},
  author = {Benaglia, Tatiana and Chauveau, Didier and Hunter, David R. and Young, Derek},
  year = {2009},
  journal = {Journal of Statistical Software},
  volume = {32},
  number = {6},
  pages = {1--29}
}

@article{benjamini1995,
  title = {Controlling the {{False Discovery Rate}}: {{A Practical}} and {{Powerful Approach}} to {{Multiple Testing}}},
  shorttitle = {Controlling the {{False Discovery Rate}}},
  author = {Benjamini, Yoav and Hochberg, Yosef},
  year = {1995},
  journal = {Journal of the Royal Statistical Society. Series B (Methodological)},
  volume = {57},
  number = {1},
  pages = {289--300},
  publisher = {{[Royal Statistical Society, Wiley]}},
  issn = {0035-9246}
}

@article{breiman2001,
  title = {Random {{Forests}}},
  author = {Breiman, Leo},
  year = {2001},
  month = oct,
  journal = {Machine Learning},
  volume = {45},
  number = {1},
  pages = {5--32},
  issn = {1573-0565},
  doi = {10.1023/A:1010933404324},
  langid = {english},
  keywords = {classification,ensemble,regression},
  file = {/Users/quangnguyen/Zotero/storage/GU7IP8KA/Breiman - 2001 - Random Forests.pdf}
}

@article{calgaro2020,
  title = {Assessment of Statistical Methods from Single Cell, Bulk {{RNA-seq}}, and Metagenomics Applied to Microbiome Data},
  author = {Calgaro, Matteo and Romualdi, Chiara and Waldron, Levi and Risso, Davide and Vitulo, Nicola},
  year = {2020},
  month = aug,
  journal = {Genome Biology},
  volume = {21},
  number = {1},
  pages = {191},
  issn = {1474-760X},
  doi = {10.1186/s13059-020-02104-1},
  file = {/Users/quangnguyen/Zotero/storage/X7PXJ8W9/Calgaro et al. - 2020 - Assessment of statistical methods from single cell.pdf;/Users/quangnguyen/Zotero/storage/23P9WH7J/s13059-020-02104-1.html}
}

@article{callahan2016,
  title = {{{DADA2}}: {{High-resolution}} Sample Inference from {{Illumina}} Amplicon Data},
  shorttitle = {{{DADA2}}},
  author = {Callahan, Benjamin J. and McMurdie, Paul J. and Rosen, Michael J. and Han, Andrew W. and Johnson, Amy Jo A. and Holmes, Susan P.},
  year = {2016},
  month = jul,
  journal = {Nature Methods},
  volume = {13},
  number = {7},
  pages = {581--583},
  issn = {1548-7105},
  doi = {10.1038/nmeth.3869},
  copyright = {2016 Nature Publishing Group},
  langid = {english},
  file = {/Users/quangnguyen/Zotero/storage/EYZCEESN/Callahan et al_2016_DADA2.pdf;/Users/quangnguyen/Zotero/storage/ZW6B3BTP/nmeth.html}
}

@techreport{cario1997,
  title = {Modeling and {{Generating Random Vectors}} with {{Arbitrary Marginal Distributions}} and {{Correlation Matrix}}},
  author = {Cario, Marne C},
  year = {1997},
  pages = {19},
  langid = {english},
  file = {/Users/quangnguyen/Zotero/storage/ATFGCN4B/Cario - Modeling and Generating Random Vectors with Arbitr.pdf}
}

@article{chawla2002,
  title = {{{SMOTE}}: {{Synthetic Minority Over-sampling Technique}}},
  shorttitle = {{{SMOTE}}},
  author = {Chawla, N. V. and Bowyer, K. W. and Hall, L. O. and Kegelmeyer, W. P.},
  year = {2002},
  month = jun,
  journal = {Journal of Artificial Intelligence Research},
  volume = {16},
  pages = {321--357},
  issn = {1076-9757},
  doi = {10.1613/jair.953},
  file = {/Users/quangnguyen/Zotero/storage/5HHTC7S9/Chawla et al_2002_SMOTE.pdf}
}

@article{cho2012,
  title = {The Human Microbiome: At the Interface of Health and Disease},
  shorttitle = {The Human Microbiome},
  author = {Cho, Ilseung and Blaser, Martin J.},
  year = {2012},
  month = apr,
  journal = {Nature Reviews Genetics},
  volume = {13},
  number = {4},
  pages = {260--270},
  publisher = {{Nature Publishing Group}},
  issn = {1471-0064},
  doi = {10.1038/nrg3182},
  copyright = {2012 Nature Publishing Group, a division of Macmillan Publishers Limited. All Rights Reserved.},
  langid = {english},
  file = {/Users/quangnguyen/Zotero/storage/Y4IWCKQT/Cho and Blaser - 2012 - The human microbiome at the interface of health a.pdf;/Users/quangnguyen/Zotero/storage/F4MIL7GC/nrg3182.html}
}

@article{chong2020,
  title = {Using {{MicrobiomeAnalyst}} for Comprehensive Statistical, Functional, and Meta-Analysis of Microbiome Data},
  author = {Chong, Jasmine and Liu, Peng and Zhou, Guangyan and Xia, Jianguo},
  year = {2020},
  month = mar,
  journal = {Nature Protocols},
  volume = {15},
  number = {3},
  pages = {799--821},
  publisher = {{Nature Publishing Group}},
  issn = {1750-2799},
  doi = {10.1038/s41596-019-0264-1},
  copyright = {2020 Springer Nature Limited},
  langid = {english},
  file = {/Users/quangnguyen/Zotero/storage/PPIBUAMB/Chong et al. - 2020 - Using MicrobiomeAnalyst for comprehensive statisti.pdf;/Users/quangnguyen/Zotero/storage/RMYSFJ8Q/s41596-019-0264-1.html}
}

@article{consortium2012,
  title = {Structure, Function and Diversity of the Healthy Human Microbiome},
  author = {Consortium, The Human Microbiome Project and Huttenhower, Curtis and Gevers, Dirk and Knight, Rob and Abubucker, Sahar and Badger, Jonathan H. and Chinwalla, Asif T. and Creasy, Heather H. and Earl, Ashlee M. and FitzGerald, Michael G. and Fulton, Robert S. and Giglio, Michelle G. and {Hallsworth-Pepin}, Kymberlie and Lobos, Elizabeth A. and Madupu, Ramana and Magrini, Vincent and Martin, John C. and Mitreva, Makedonka and Muzny, Donna M. and Sodergren, Erica J. and Versalovic, James and Wollam, Aye M. and Worley, Kim C. and Wortman, Jennifer R. and Young, Sarah K. and Zeng, Qiandong and Aagaard, Kjersti M. and Abolude, Olukemi O. and {Allen-Vercoe}, Emma and Alm, Eric J. and Alvarado, Lucia and Andersen, Gary L. and Anderson, Scott and Appelbaum, Elizabeth and Arachchi, Harindra M. and Armitage, Gary and Arze, Cesar A. and Ayvaz, Tulin and Baker, Carl C. and Begg, Lisa and Belachew, Tsegahiwot and Bhonagiri, Veena and Bihan, Monika and Blaser, Martin J. and Bloom, Toby and Bonazzi, Vivien and Brooks, J. Paul and Buck, Gregory A. and Buhay, Christian J. and Busam, Dana A. and Campbell, Joseph L. and Canon, Shane R. and Cantarel, Brandi L. and Chain, Patrick S. G. and Chen, I.-Min A. and Chen, Lei and Chhibba, Shaila and Chu, Ken and Ciulla, Dawn M. and Clemente, Jose C. and Clifton, Sandra W. and Conlan, Sean and Crabtree, Jonathan and Cutting, Mary A. and Davidovics, Noam J. and Davis, Catherine C. and DeSantis, Todd Z. and Deal, Carolyn and Delehaunty, Kimberley D. and Dewhirst, Floyd E. and Deych, Elena and Ding, Yan and Dooling, David J. and Dugan, Shannon P. and Dunne, Wm Michael and Durkin, A. Scott and Edgar, Robert C. and Erlich, Rachel L. and Farmer, Candace N. and Farrell, Ruth M. and Faust, Karoline and Feldgarden, Michael and Felix, Victor M. and Fisher, Sheila and Fodor, Anthony A. and Forney, Larry J. and Foster, Leslie and Francesco, Valentina Di and Friedman, Jonathan and Friedrich, Dennis C. and Fronick, Catrina C. and Fulton, Lucinda L. and Gao, Hongyu and Garcia, Nathalia and Giannoukos, Georgia and Giblin, Christina and Giovanni, Maria Y. and Goldberg, Jonathan M. and Goll, Johannes and Gonzalez, Antonio and Griggs, Allison and Gujja, Sharvari and Haake, Susan Kinder and Haas, Brian J. and Hamilton, Holli A. and Harris, Emily L. and Hepburn, Theresa A. and Herter, Brandi and Hoffmann, Diane E. and Holder, Michael E. and Howarth, Clinton and Huang, Katherine H. and Huse, Susan M. and Izard, Jacques and Jansson, Janet K. and Jiang, Huaiyang and Jordan, Catherine and Joshi, Vandita and Katancik, James A. and Keitel, Wendy A. and Kelley, Scott T. and Kells, Cristyn and King, Nicholas B. and Knights, Dan and Kong, Heidi H. and Koren, Omry and Koren, Sergey and Kota, Karthik C. and Kovar, Christie L. and Kyrpides, Nikos C. and Rosa, Patricio S. La and Lee, Sandra L. and Lemon, Katherine P. and Lennon, Niall and Lewis, Cecil M. and Lewis, Lora and Ley, Ruth E. and Li, Kelvin and Liolios, Konstantinos and Liu, Bo and Liu, Yue and Lo, Chien-Chi and Lozupone, Catherine A. and Lunsford, R. Dwayne and Madden, Tessa and Mahurkar, Anup A. and Mannon, Peter J. and Mardis, Elaine R. and Markowitz, Victor M. and Mavromatis, Konstantinos and McCorrison, Jamison M. and McDonald, Daniel and McEwen, Jean and McGuire, Amy L. and McInnes, Pamela and Mehta, Teena and Mihindukulasuriya, Kathie A. and Miller, Jason R. and Minx, Patrick J. and Newsham, Irene and Nusbaum, Chad and O'Laughlin, Michelle and Orvis, Joshua and Pagani, Ioanna and Palaniappan, Krishna and Patel, Shital M. and Pearson, Matthew and Peterson, Jane and Podar, Mircea and Pohl, Craig and Pollard, Katherine S. and Pop, Mihai and Priest, Margaret E. and Proctor, Lita M. and Qin, Xiang and Raes, Jeroen and Ravel, Jacques and Reid, Jeffrey G. and Rho, Mina and Rhodes, Rosamond and Riehle, Kevin P. and Rivera, Maria C. and {Rodriguez-Mueller}, Beltran and Rogers, Yu-Hui and Ross, Matthew C. and Russ, Carsten and Sanka, Ravi K. and Sankar, Pamela and Sathirapongsasuti, J. Fah and Schloss, Jeffery A. and Schloss, Patrick D. and Schmidt, Thomas M. and Scholz, Matthew and Schriml, Lynn and Schubert, Alyxandria M. and Segata, Nicola and Segre, Julia A. and Shannon, William D. and Sharp, Richard R. and Sharpton, Thomas J. and Shenoy, Narmada and Sheth, Nihar U. and Simone, Gina A. and Singh, Indresh and Smillie, Christopher S. and Sobel, Jack D. and Sommer, Daniel D. and Spicer, Paul and Sutton, Granger G. and Sykes, Sean M. and Tabbaa, Diana G. and Thiagarajan, Mathangi and Tomlinson, Chad M. and Torralba, Manolito and Treangen, Todd J. and Truty, Rebecca M. and Vishnivetskaya, Tatiana A. and Walker, Jason and Wang, Lu and Wang, Zhengyuan and Ward, Doyle V. and Warren, Wesley and Watson, Mark A. and Wellington, Christopher and Wetterstrand, Kris A. and White, James R. and {Wilczek-Boney}, Katarzyna and Wu, YuanQing and Wylie, Kristine M. and Wylie, Todd and Yandava, Chandri and Ye, Liang and Ye, Yuzhen and Yooseph, Shibu and Youmans, Bonnie P. and Zhang, Lan and Zhou, Yanjiao and Zhu, Yiming and Zoloth, Laurie and Zucker, Jeremy D. and Birren, Bruce W. and Gibbs, Richard A. and Highlander, Sarah K. and Meth{\'e}, Barbara A. and Nelson, Karen E. and Petrosino, Joseph F. and Weinstock, George M. and Wilson, Richard K. and White, Owen},
  year = {2012},
  month = jun,
  journal = {Nature},
  volume = {486},
  number = {7402},
  pages = {207--214},
  issn = {1476-4687},
  doi = {10.1038/nature11234},
  copyright = {2012 Nature Publishing Group},
  langid = {english},
  file = {/Users/quangnguyen/Zotero/storage/LA38S2UA/Consortium et al. - 2012 - Structure, function and diversity of the healthy h.pdf;/Users/quangnguyen/Zotero/storage/PZZXEXYU/nature11234.html}
}

@article{delignette-muller2015,
  title = {Fitdistrplus: {{An R}} Package for Fitting Distributions},
  author = {{Delignette-Muller}, Marie Laure and Dutang, Christophe},
  year = {2015},
  journal = {Journal of Statistical Software},
  volume = {64},
  number = {4},
  pages = {1--34}
}

@article{delong1988,
  title = {Comparing the Areas under Two or More Correlated Receiver Operating Characteristic Curves: A Nonparametric Approach},
  shorttitle = {Comparing the Areas under Two or More Correlated Receiver Operating Characteristic Curves},
  author = {DeLong, E. R. and DeLong, D. M. and {Clarke-Pearson}, D. L.},
  year = {1988},
  month = sep,
  journal = {Biometrics},
  volume = {44},
  number = {3},
  pages = {837--845},
  issn = {0006-341X},
  langid = {english},
  pmid = {3203132},
  keywords = {Algorithms,Analysis of Variance,Female,Humans,Intestinal Obstruction,Models; Statistical,Ovarian Neoplasms,Predictive Value of Tests,ROC Curve}
}

@article{dong2020,
  title = {Predictive Analysis Methods for Human Microbiome Data with Application to {{Parkinson}}'s Disease},
  author = {Dong, Mei and Li, Longhai and Chen, Man and Kusalik, Anthony and Xu, Wei},
  year = {2020},
  month = aug,
  journal = {PLOS ONE},
  volume = {15},
  number = {8},
  pages = {e0237779},
  publisher = {{Public Library of Science}},
  issn = {1932-6203},
  doi = {10.1371/journal.pone.0237779},
  langid = {english},
  keywords = {Forecasting,Genetics of disease,Gut bacteria,Microbiome,Parkinson disease,Ribosomal RNA,Simulation and modeling,Statistical data},
  file = {/Users/quangnguyen/Zotero/storage/NCSBGJ2L/Dong et al. - 2020 - Predictive analysis methods for human microbiome d.pdf;/Users/quangnguyen/Zotero/storage/IMT3SC8W/article.html}
}

@article{efron2004,
  title = {Large-{{Scale Simultaneous Hypothesis Testing}}},
  author = {Efron, Bradley},
  year = {2004},
  month = mar,
  journal = {Journal of the American Statistical Association},
  volume = {99},
  number = {465},
  pages = {96--104},
  publisher = {{Taylor \& Francis}},
  issn = {0162-1459},
  doi = {10.1198/016214504000000089},
  keywords = {Empirical bayes,Empirical null hypothesis,Local false discovery rate,Microarray analysis,Unobserved covariates},
  annotation = {\_eprint: https://doi.org/10.1198/016214504000000089},
  file = {/Users/quangnguyen/Zotero/storage/RZDTR3SM/016214504000000089.html}
}

@article{egozcue2003,
  title = {Isometric {{Logratio Transformations}} for {{Compositional Data Analysis}}},
  author = {Egozcue, J. J. and {Pawlowsky-Glahn}, V. and {Mateu-Figueras}, G. and {Barcel{\'o}-Vidal}, C.},
  year = {2003},
  month = apr,
  journal = {Mathematical Geology},
  volume = {35},
  number = {3},
  pages = {279--300},
  issn = {1573-8868},
  doi = {10.1023/A:1023818214614},
  langid = {english},
  file = {/Users/quangnguyen/Zotero/storage/K3XTU9BJ/Egozcue et al_2003_Isometric Logratio Transformations for Compositional Data Analysis.pdf}
}

@article{egozcue2005,
  title = {Groups of {{Parts}} and {{Their Balances}} in {{Compositional Data Analysis}}},
  author = {Egozcue, J. J. and {Pawlowsky-Glahn}, V.},
  year = {2005},
  month = oct,
  journal = {Mathematical Geology},
  volume = {37},
  number = {7},
  pages = {795--828},
  issn = {0882-8121, 1573-8868},
  doi = {10.1007/s11004-005-7381-9},
  langid = {english},
  file = {/Users/quangnguyen/Zotero/storage/FPPK5S6K/Egozcue and Pawlowsky-Glahn - 2005 - Groups of Parts and Their Balances in Compositiona.pdf}
}

@misc{ernst2021,
  title = {Mia: {{Microbiome}} Analysis},
  author = {Ernst, Felix G.M. and Shetty, Sudarshan A. and Borman, Tuomas and Lahti, Leo},
  year = {2021}
}

@article{frost2020,
  title = {Variance-Adjusted {{Mahalanobis}} ({{VAM}}): A Fast and Accurate Method for Cell-Specific Gene Set Scoring},
  shorttitle = {Variance-Adjusted {{Mahalanobis}} ({{VAM}})},
  author = {Frost, Hildreth Robert},
  year = {2020},
  month = sep,
  journal = {Nucleic Acids Research},
  volume = {48},
  number = {16},
  pages = {e94-e94},
  issn = {0305-1048},
  doi = {10.1093/nar/gkaa582},
  file = {/Users/quangnguyen/Zotero/storage/E99CBSWE/Frost - 2020 - Variance-adjusted Mahalanobis (VAM) a fast and ac.pdf;/Users/quangnguyen/Zotero/storage/WCHLPUE3/5868339.html}
}

@article{geistlinger2021,
  title = {Toward a Gold Standard for Benchmarking Gene Set Enrichment Analysis},
  author = {Geistlinger, Ludwig and Csaba, Gergely and Santarelli, Mara and Ramos, Marcel and Schiffer, Lucas and Turaga, Nitesh and Law, Charity and Davis, Sean and Carey, Vincent and Morgan, Martin and others},
  year = {2021},
  journal = {Briefings in bioinformatics},
  volume = {22},
  number = {1},
  pages = {545--556},
  publisher = {{Oxford University Press}}
}

@article{gevers2014,
  title = {The {{Treatment-Naive Microbiome}} in {{New-Onset Crohn}}'s {{Disease}}},
  author = {Gevers, Dirk and Kugathasan, Subra and Denson, Lee~A. and {V{\'a}zquez-Baeza}, Yoshiki and Van~Treuren, Will and Ren, Boyu and Schwager, Emma and Knights, Dan and Song, Se~Jin and Yassour, Moran and Morgan, Xochitl~C. and Kostic, Aleksandar~D. and Luo, Chengwei and Gonz{\'a}lez, Antonio and McDonald, Daniel and Haberman, Yael and Walters, Thomas and Baker, Susan and Rosh, Joel and Stephens, Michael and Heyman, Melvin and Markowitz, James and Baldassano, Robert and Griffiths, Anne and Sylvester, Francisco and Mack, David and Kim, Sandra and Crandall, Wallace and Hyams, Jeffrey and Huttenhower, Curtis and Knight, Rob and Xavier, Ramnik~J.},
  year = {2014},
  month = mar,
  journal = {Cell Host \& Microbe},
  volume = {15},
  number = {3},
  pages = {382--392},
  issn = {1931-3128},
  doi = {10.1016/j.chom.2014.02.005},
  langid = {english},
  file = {/Users/quangnguyen/Zotero/storage/CRRCJQF2/Gevers et al. - 2014 - The Treatment-Naive Microbiome in New-Onset Crohn’.pdf;/Users/quangnguyen/Zotero/storage/43PF43B4/S1931312814000638.html}
}

@article{gloor2017,
  title = {Microbiome {{Datasets Are Compositional}}: {{And This Is Not Optional}}},
  shorttitle = {Microbiome {{Datasets Are Compositional}}},
  author = {Gloor, Gregory B. and Macklaim, Jean M. and {Pawlowsky-Glahn}, Vera and Egozcue, Juan J.},
  year = {2017},
  journal = {Frontiers in Microbiology},
  volume = {8},
  issn = {1664-302X},
  doi = {10.3389/fmicb.2017.02224},
  langid = {english},
  keywords = {Bayesian estimation,Compositional data,Correlation,count normalization,Differential abundance,high-throughput sequencing,microbiota,Relative abundance},
  file = {/Users/quangnguyen/Zotero/storage/PZDMRFDB/Gloor et al_2017_Microbiome Datasets Are Compositional.pdf}
}

@article{goeman2007,
  title = {Analyzing Gene Expression Data in Terms of Gene Sets: Methodological Issues},
  shorttitle = {Analyzing Gene Expression Data in Terms of Gene Sets},
  author = {Goeman, Jelle J. and B{\"u}hlmann, Peter},
  year = {2007},
  month = apr,
  journal = {Bioinformatics},
  volume = {23},
  number = {8},
  pages = {980--987},
  issn = {1367-4803},
  doi = {10.1093/bioinformatics/btm051},
  file = {/Users/quangnguyen/Zotero/storage/2UFQ7L3C/Goeman and Bühlmann - 2007 - Analyzing gene expression data in terms of gene se.pdf;/Users/quangnguyen/Zotero/storage/68UVD2PI/198511.html}
}

@article{gonzalez2018,
  title = {Qiita: Rapid, Web-Enabled Microbiome Meta-Analysis},
  shorttitle = {Qiita},
  author = {Gonzalez, Antonio and {Navas-Molina}, Jose A. and Kosciolek, Tomasz and McDonald, Daniel and {V{\'a}zquez-Baeza}, Yoshiki and Ackermann, Gail and DeReus, Jeff and Janssen, Stefan and Swafford, Austin D. and Orchanian, Stephanie B. and Sanders, Jon G. and Shorenstein, Joshua and Holste, Hannes and Petrus, Semar and {Robbins-Pianka}, Adam and Brislawn, Colin J. and Wang, Mingxun and Rideout, Jai Ram and Bolyen, Evan and Dillon, Matthew and Caporaso, J. Gregory and Dorrestein, Pieter C. and Knight, Rob},
  year = {2018},
  month = oct,
  journal = {Nature Methods},
  volume = {15},
  number = {10},
  pages = {796--798},
  publisher = {{Nature Publishing Group}},
  issn = {1548-7105},
  doi = {10.1038/s41592-018-0141-9},
  copyright = {2018 The Author(s), under exclusive licence to Springer Nature America, Inc.},
  langid = {english},
  file = {/Users/quangnguyen/Zotero/storage/UFUY6GIS/Gonzalez et al. - 2018 - Qiita rapid, web-enabled microbiome meta-analysis.pdf;/Users/quangnguyen/Zotero/storage/NSLQD24C/s41592-018-0141-9.html}
}

@article{hanzelmann2013,
  title = {{{GSVA}}: Gene Set Variation Analysis for Microarray and {{RNA-Seq}} Data},
  shorttitle = {{{GSVA}}},
  author = {H{\"a}nzelmann, Sonja and Castelo, Robert and Guinney, Justin},
  year = {2013},
  month = jan,
  journal = {BMC Bioinformatics},
  volume = {14},
  number = {1},
  pages = {7},
  issn = {1471-2105},
  doi = {10.1186/1471-2105-14-7},
  file = {/Users/quangnguyen/Zotero/storage/8MCFVBP3/Hänzelmann et al. - 2013 - GSVA gene set variation analysis for microarray a.pdf;/Users/quangnguyen/Zotero/storage/UAAS8AB3/1471-2105-14-7.html}
}

@article{hawinkel2019,
  title = {A Broken Promise: Microbiome Differential Abundance Methods Do Not Control the False Discovery Rate},
  shorttitle = {A Broken Promise},
  author = {Hawinkel, Stijn and Mattiello, Federico and Bijnens, Luc and Thas, Olivier},
  year = {2019},
  month = jan,
  journal = {Briefings in Bioinformatics},
  volume = {20},
  number = {1},
  pages = {210--221},
  publisher = {{Oxford Academic}},
  issn = {1467-5463},
  doi = {10.1093/bib/bbx104},
  langid = {english},
  file = {/Users/quangnguyen/Zotero/storage/LZQT747U/Hawinkel et al. - 2019 - A broken promise microbiome differential abundanc.pdf;/Users/quangnguyen/Zotero/storage/8MM88FJV/4091293.html}
}

@article{irizarry2009,
  title = {Gene {{Set Enrichment Analysis Made Simple}}},
  author = {Irizarry, Rafael A. and Wang, Chi and Zhou, Yun and Speed, Terence P.},
  year = {2009},
  month = dec,
  journal = {Statistical methods in medical research},
  volume = {18},
  number = {6},
  pages = {565--575},
  issn = {0962-2802},
  doi = {10.1177/0962280209351908},
  pmcid = {PMC3134237},
  pmid = {20048385},
  file = {/Users/quangnguyen/Zotero/storage/S9H6U35D/Irizarry et al_2009_Gene Set Enrichment Analysis Made Simple.pdf}
}

@article{ji2019,
  title = {Quantifying Spatiotemporal Variability and Noise in Absolute Microbiota Abundances Using Replicate Sampling},
  author = {Ji, Brian W. and Sheth, Ravi U. and Dixit, Purushottam D. and Huang, Yiming and Kaufman, Andrew and Wang, Harris H. and Vitkup, Dennis},
  year = {2019},
  month = aug,
  journal = {Nature Methods},
  volume = {16},
  number = {8},
  pages = {731--736},
  publisher = {{Nature Publishing Group}},
  issn = {1548-7105},
  doi = {10.1038/s41592-019-0467-y},
  copyright = {2019 The Author(s), under exclusive licence to Springer Nature America, Inc.},
  langid = {english},
  file = {/Users/quangnguyen/Zotero/storage/SG6FKCNC/Ji et al_2019_Quantifying spatiotemporal variability and noise in absolute microbiota.pdf;/Users/quangnguyen/Zotero/storage/TS7K6NS2/s41592-019-0467-y.html}
}

@article{kaul2017,
  title = {Analysis of {{Microbiome Data}} in the {{Presence}} of {{Excess Zeros}}},
  author = {Kaul, Abhishek and Mandal, Siddhartha and Davidov, Ori and Peddada, Shyamal D.},
  year = {2017},
  journal = {Frontiers in Microbiology},
  volume = {8},
  publisher = {{Frontiers}},
  issn = {1664-302X},
  doi = {10.3389/fmicb.2017.02114},
  langid = {english},
  keywords = {Aitchison’s log-ratio,Bootstrap,covariates,cross-sectional data,false discovery rate (FDR).,Longitudinal Studies,Microbiome data},
  file = {/Users/quangnguyen/Zotero/storage/HNNHG7H3/Kaul et al. - 2017 - Analysis of Microbiome Data in the Presence of Exc.pdf}
}

@article{kaul2017a,
  title = {Structural Zeros in High-Dimensional Data with Applications to Microbiome Studies},
  author = {Kaul, Abhishek and Davidov, Ori and Peddada, Shyamal D.},
  year = {2017},
  month = jul,
  journal = {Biostatistics},
  volume = {18},
  number = {3},
  pages = {422--433},
  issn = {1465-4644},
  doi = {10.1093/biostatistics/kxw053},
  file = {/Users/quangnguyen/Zotero/storage/UNEG79W8/Kaul et al. - 2017 - Structural zeros in high-dimensional data with app.pdf;/Users/quangnguyen/Zotero/storage/VUK8JDVK/2870656.html}
}

@article{khatri2012,
  title = {Ten {{Years}} of {{Pathway Analysis}}: {{Current Approaches}} and {{Outstanding Challenges}}},
  shorttitle = {Ten {{Years}} of {{Pathway Analysis}}},
  author = {Khatri, Purvesh and Sirota, Marina and Butte, Atul J.},
  year = {2012},
  month = feb,
  journal = {PLOS Computational Biology},
  volume = {8},
  number = {2},
  pages = {e1002375},
  publisher = {{Public Library of Science}},
  issn = {1553-7358},
  doi = {10.1371/journal.pcbi.1002375},
  langid = {english},
  keywords = {Apoptosis,Gene expression,Genome analysis,Genome annotation,Human genomics,Microarrays,Proteomic databases,Pseudogenes},
  file = {/Users/quangnguyen/Zotero/storage/TPVG9KXE/Khatri et al. - 2012 - Ten Years of Pathway Analysis Current Approaches .pdf;/Users/quangnguyen/Zotero/storage/KMXNIA4F/article.html}
}

@misc{kuhn2020,
  title = {Tidymodels: A Collection of Packages for Modeling and Machine Learning Using Tidyverse Principles.},
  author = {Kuhn, Max and Wickham, Hadley},
  year = {2020}
}

@article{kurtz2015a,
  title = {Sparse and {{Compositionally Robust Inference}} of {{Microbial Ecological Networks}}},
  author = {Kurtz, Zachary D. and M{\"u}ller, Christian L. and Miraldi, Emily R. and Littman, Dan R. and Blaser, Martin J. and Bonneau, Richard A.},
  year = {2015},
  month = may,
  journal = {PLOS Computational Biology},
  volume = {11},
  number = {5},
  pages = {e1004226},
  publisher = {{Public Library of Science}},
  issn = {1553-7358},
  doi = {10.1371/journal.pcbi.1004226},
  langid = {english},
  keywords = {Centrality,Community structure,Covariance,Microbial ecology,Microbiome,Network analysis,Scale-free networks,Statistical data},
  file = {/Users/quangnguyen/Zotero/storage/8JF4ZTQJ/Kurtz et al. - 2015 - Sparse and Compositionally Robust Inference of Mic.pdf;/Users/quangnguyen/Zotero/storage/PMCKQNDJ/article.html}
}

@article{landau2021,
  title = {The Targets {{R}} Package: A Dynamic {{Make-like}} Function-Oriented Pipeline Toolkit for Reproducibility and High-Performance Computing},
  author = {Landau, William Michael},
  year = {2021},
  journal = {Journal of Open Source Software},
  volume = {6},
  number = {57},
  pages = {2959}
}

@article{li2015,
  title = {Microbiome, {{Metagenomics}}, and {{High-Dimensional Compositional Data Analysis}}},
  author = {Li, Hongzhe},
  year = {2015},
  journal = {Annual Review of Statistics and Its Application},
  volume = {2},
  number = {1},
  pages = {73--94},
  doi = {10.1146/annurev-statistics-010814-020351},
  file = {/Users/quangnguyen/Zotero/storage/MBFRQVFK/Li - 2015 - Microbiome, Metagenomics, and High-Dimensional Com.pdf}
}

@incollection{li2019a,
  title = {Statistical and {{Computational Methods}} in {{Microbiome}} and {{Metagenomics}}},
  booktitle = {Handbook of {{Statistical Genomics}}},
  author = {Li, Hongzhe},
  year = {2019},
  pages = {977--550},
  publisher = {{John Wiley \& Sons, Ltd}},
  doi = {10.1002/9781119487845.ch35},
  chapter = {35},
  isbn = {978-1-119-48784-5},
  langid = {english},
  keywords = {16S rRNA sequencing-based microbiome studies,computational metagenomic tools,integrative analysis,metabolic functions,microbiome feature estimation,microbiome mediation analysis,shotgun metagenomic sequencing,statistical methods},
  annotation = {\_eprint: https://onlinelibrary.wiley.com/doi/pdf/10.1002/9781119487845.ch35},
  file = {/Users/quangnguyen/Zotero/storage/ANLM9D3J/9781119487845.html}
}

@article{love2014,
  title = {Moderated Estimation of Fold Change and Dispersion for {{RNA-seq}} Data with {{DESeq2}}},
  author = {Love, Michael I. and Huber, Wolfgang and Anders, Simon},
  year = {2014},
  month = dec,
  journal = {Genome Biology},
  volume = {15},
  number = {12},
  pages = {550},
  issn = {1474-760X},
  doi = {10.1186/s13059-014-0550-8},
  keywords = {DESeq2 Package,Differential Expression Analysis,Negative Binomial Generalize Linear Model,Observe Fisher Information,Read Count},
  file = {/Users/quangnguyen/Zotero/storage/PXATIA34/Love et al. - 2014 - Moderated estimation of fold change and dispersion.pdf;/Users/quangnguyen/Zotero/storage/6637BMCR/s13059-014-0550-8.html}
}

@article{lozupone2007,
  title = {Quantitative and {{Qualitative}} {$\beta$} {{Diversity Measures Lead}} to {{Different Insights}} into {{Factors That Structure Microbial Communities}}},
  author = {Lozupone, Catherine A. and Hamady, Micah and Kelley, Scott T. and Knight, Rob},
  year = {2007},
  month = mar,
  journal = {Applied and Environmental Microbiology},
  volume = {73},
  number = {5},
  pages = {1576--1585},
  publisher = {{American Society for Microbiology}},
  issn = {0099-2240, 1098-5336},
  doi = {10.1128/AEM.01996-06},
  chapter = {METHODS},
  copyright = {American Society for Microbiology},
  langid = {english},
  pmid = {17220268},
  file = {/Users/quangnguyen/Zotero/storage/2YX6GWWD/Lozupone et al_2007_Quantitative and Qualitative β Diversity Measures Lead to Different Insights.pdf;/Users/quangnguyen/Zotero/storage/VC9JRWWX/1576.html}
}

@article{martin-fernandez2003,
  title = {Dealing with {{Zeros}} and {{Missing Values}} in {{Compositional Data Sets Using Nonparametric Imputation}}},
  author = {{Mart{\i}n-Fernandez}, J A and {Barcelo-Vidal}, C and {Pawlowsky-Glahn}, V},
  year = {2003},
  journal = {Mathematical Geology},
  pages = {26},
  langid = {english},
  file = {/Users/quangnguyen/Zotero/storage/EPM62LVB/Martın-Fernandez et al. - 2003 - Dealing with Zeros and Missing Values in Compositi.pdf}
}

@article{martin-fernandez2012,
  title = {Model-Based Replacement of Rounded Zeros in Compositional Data: {{Classical}} and Robust Approaches},
  shorttitle = {Model-Based Replacement of Rounded Zeros in Compositional Data},
  author = {{Mart{\'i}n-Fern{\'a}ndez}, J. A. and Hron, K. and Templ, M. and Filzmoser, P. and {Palarea-Albaladejo}, J.},
  year = {2012},
  month = sep,
  journal = {Computational Statistics \& Data Analysis},
  volume = {56},
  number = {9},
  pages = {2688--2704},
  issn = {0167-9473},
  doi = {10.1016/j.csda.2012.02.012},
  langid = {english},
  keywords = {Balances,EM algorithm,Log-ratio transformations,Robust regression,Values below detection limit},
  file = {/Users/quangnguyen/Zotero/storage/ZSV4B8X3/S0167947312000941.html}
}

@article{martin2020,
  title = {Modeling Microbial Abundances and Dysbiosis with Beta-Binomial Regression},
  author = {Martin, Bryan D. and Witten, Daniela and Willis, Amy D.},
  year = {2020},
  month = mar,
  journal = {The Annals of Applied Statistics},
  volume = {14},
  number = {1},
  pages = {94--115},
  publisher = {{Institute of Mathematical Statistics}},
  issn = {1932-6157, 1941-7330},
  doi = {10.1214/19-AOAS1283},
  keywords = {beta-binomial,correlated data,high throughput sequencing,microbiome,overdispersion,Relative abundance},
  file = {/Users/quangnguyen/Zotero/storage/DYUAIASW/Martin et al. - 2020 - Modeling microbial abundances and dysbiosis with b.pdf;/Users/quangnguyen/Zotero/storage/Y7T52XYX/19-AOAS1283.html}
}

@misc{matteocalgaro2020,
  title = {Mcalgaro93/Sc2meta: {{Paper Release}}},
  shorttitle = {Mcalgaro93/Sc2meta},
  author = {Matteo Calgaro},
  year = {2020},
  month = jul,
  doi = {10.5281/zenodo.3942108},
  howpublished = {Zenodo},
  file = {/Users/quangnguyen/Zotero/storage/CXPN2FIJ/3942108.html}
}

@article{mcknight2019,
  title = {Methods for Normalizing Microbiome Data: {{An}} Ecological Perspective},
  shorttitle = {Methods for Normalizing Microbiome Data},
  author = {McKnight, Donald T. and Huerlimann, Roger and Bower, Deborah S. and Schwarzkopf, Lin and Alford, Ross A. and Zenger, Kyall R.},
  year = {2019},
  journal = {Methods in Ecology and Evolution},
  volume = {10},
  number = {3},
  pages = {389--400},
  issn = {2041-210X},
  doi = {10.1111/2041-210X.13115},
  copyright = {\textcopyright{} 2018 The Authors. Methods in Ecology and Evolution \textcopyright{} 2018 British Ecological Society},
  langid = {english},
  keywords = {Bray–Curtis,community comparisons,diversity,evenness,ordination,principal coordinates analysis,simulation},
  file = {/Users/quangnguyen/Zotero/storage/A7XVF5M3/2041-210X.html}
}

@article{mclaren2019,
  title = {Consistent and Correctable Bias in Metagenomic Sequencing Experiments},
  author = {McLaren, Michael R and Willis, Amy D and Callahan, Benjamin J},
  editor = {Turnbaugh, Peter and Garrett, Wendy S and Turnbaugh, Peter and Quince, Christopher and Gibbons, Sean},
  year = {2019},
  month = sep,
  journal = {eLife},
  volume = {8},
  pages = {e46923},
  publisher = {{eLife Sciences Publications, Ltd}},
  issn = {2050-084X},
  doi = {10.7554/eLife.46923},
  keywords = {16S rRNA gene,bias,calibration,metagenomics,microbiome,reproducibility},
  file = {/Users/quangnguyen/Zotero/storage/F6ESQJPG/McLaren et al. - 2019 - Consistent and correctable bias in metagenomic seq.pdf}
}

@article{mcmurdie2014,
  title = {Waste {{Not}}, {{Want Not}}: {{Why Rarefying Microbiome Data Is Inadmissible}}},
  shorttitle = {Waste {{Not}}, {{Want Not}}},
  author = {McMurdie, Paul J. and Holmes, Susan},
  year = {2014},
  month = apr,
  journal = {PLOS Computational Biology},
  volume = {10},
  number = {4},
  pages = {e1003531},
  issn = {1553-7358},
  doi = {10.1371/journal.pcbi.1003531},
  langid = {english},
  keywords = {Binomials,DNA sequence analysis,DNA sequencing,Microbiome,RNA analysis,RNA sequencing,Simulation and modeling,Statistical data},
  file = {/Users/quangnguyen/Zotero/storage/UIBTS2N3/McMurdie_Holmes_2014_Waste Not, Want Not.pdf;/Users/quangnguyen/Zotero/storage/GT7JHSVX/article.html}
}

@article{morton2017,
  title = {Balance {{Trees Reveal Microbial Niche Differentiation}}},
  author = {Morton, James T. and Sanders, Jon and Quinn, Robert A. and McDonald, Daniel and Gonzalez, Antonio and {V{\'a}zquez-Baeza}, Yoshiki and {Navas-Molina}, Jose A. and Song, Se Jin and Metcalf, Jessica L. and Hyde, Embriette R. and Lladser, Manuel and Dorrestein, Pieter C. and Knight, Rob},
  year = {2017},
  month = feb,
  journal = {mSystems},
  volume = {2},
  number = {1},
  pages = {e00162-16},
  issn = {2379-5077},
  doi = {10.1128/mSystems.00162-16},
  copyright = {Copyright \textcopyright{} 2017 Morton et al.. This is an open-access article distributed under the terms of the Creative Commons Attribution 4.0 International license.},
  langid = {english},
  pmid = {28144630},
  file = {/Users/quangnguyen/Zotero/storage/YYLYNUE4/Morton et al_2017_Balance Trees Reveal Microbial Niche Differentiation.pdf;/Users/quangnguyen/Zotero/storage/4D3PRTUI/e00162-16.html}
}

@article{morton2019,
  title = {Establishing Microbial Composition Measurement Standards with Reference Frames},
  author = {Morton, James T. and Marotz, Clarisse and Washburne, Alex and Silverman, Justin and Zaramela, Livia S. and Edlund, Anna and Zengler, Karsten and Knight, Rob},
  year = {2019},
  month = dec,
  journal = {Nature Communications},
  volume = {10},
  number = {1},
  issn = {2041-1723},
  doi = {10.1038/s41467-019-10656-5},
  langid = {english},
  file = {/Users/quangnguyen/Zotero/storage/FQYMYEU6/Morton et al. - 2019 - Establishing microbial composition measurement sta.pdf}
}

@article{naim2012,
  title = {Convergence of the {{EM Algorithm}} for {{Gaussian Mixtures}} with {{Unbalanced Mixing Coefficients}}},
  author = {Naim, Iftekhar and Gildea, Daniel},
  year = {2012},
  journal = {Proceedings of the 29th International Coference on International Conference on Machine Learning},
  pages = {8},
  doi = {10.5555/3042573.3042756},
  langid = {english},
  file = {/Users/quangnguyen/Zotero/storage/V2WV6BRY/Naim and Gildea - Convergence of the EM Algorithm for Gaussian Mixtu.pdf}
}

@article{nielsen2014,
  title = {Identification and Assembly of Genomes and Genetic Elements in Complex Metagenomic Samples without Using Reference Genomes},
  author = {Nielsen, H. Bj{\o}rn and Almeida, Mathieu and Juncker, Agnieszka Sierakowska and Rasmussen, Simon and Li, Junhua and Sunagawa, Shinichi and Plichta, Damian R. and Gautier, Laurent and Pedersen, Anders G. and Le Chatelier, Emmanuelle and Pelletier, Eric and Bonde, Ida and Nielsen, Trine and Manichanh, Chaysavanh and Arumugam, Manimozhiyan and Batto, Jean-Michel and Quintanilha Dos Santos, Marcelo B. and Blom, Nikolaj and Borruel, Natalia and Burgdorf, Kristoffer S. and Boumezbeur, Fouad and Casellas, Francesc and Dor{\'e}, Jo{\"e}l and Dworzynski, Piotr and Guarner, Francisco and Hansen, Torben and Hildebrand, Falk and Kaas, Rolf S. and Kennedy, Sean and Kristiansen, Karsten and Kultima, Jens Roat and L{\'e}onard, Pierre and Levenez, Florence and Lund, Ole and Moumen, Bouziane and Le Paslier, Denis and Pons, Nicolas and Pedersen, Oluf and Prifti, Edi and Qin, Junjie and Raes, Jeroen and S{\o}rensen, S{\o}ren and Tap, Julien and Tims, Sebastian and Ussery, David W. and Yamada, Takuji and {MetaHIT Consortium} and Renault, Pierre and {Sicheritz-Ponten}, Thomas and Bork, Peer and Wang, Jun and Brunak, S{\o}ren and Ehrlich, S. Dusko and {MetaHIT Consortium}},
  year = {2014},
  month = aug,
  journal = {Nature Biotechnology},
  volume = {32},
  number = {8},
  pages = {822--828},
  issn = {1546-1696},
  doi = {10.1038/nbt.2939},
  langid = {english},
  pmid = {24997787},
  keywords = {Cluster Analysis,Databases; Genetic,Metagenomics}
}

@article{pasolli2017,
  title = {Accessible, Curated Metagenomic Data through {{ExperimentHub}}},
  author = {Pasolli, Edoardo and Schiffer, Lucas and Manghi, Paolo and Renson, Audrey and Obenchain, Valerie and Truong, Duy Tin and Beghini, Francesco and Malik, Faizan and Ramos, Marcel and Dowd, Jennifer B. and Huttenhower, Curtis and Morgan, Martin and Segata, Nicola and Waldron, Levi},
  year = {2017},
  month = nov,
  journal = {Nature Methods},
  volume = {14},
  number = {11},
  pages = {1023--1024},
  publisher = {{Nature Publishing Group}},
  issn = {1548-7105},
  doi = {10.1038/nmeth.4468},
  copyright = {2017 Nature Publishing Group, a division of Macmillan Publishers Limited. All Rights Reserved.},
  langid = {english},
  file = {/Users/quangnguyen/Zotero/storage/Z7ZVYDKP/Pasolli et al. - 2017 - Accessible, curated metagenomic data through Exper.pdf;/Users/quangnguyen/Zotero/storage/UJT45FDB/nmeth.html}
}

@article{proctor2019,
  title = {The {{Integrative Human Microbiome Project}}},
  author = {Proctor, Lita M. and Creasy, Heather H. and Fettweis, Jennifer M. and {Lloyd-Price}, Jason and Mahurkar, Anup and Zhou, Wenyu and Buck, Gregory A. and Snyder, Michael P. and Strauss, Jerome F. and Weinstock, George M. and White, Owen and Huttenhower, Curtis and {The Integrative HMP (iHMP) Research Network Consortium}},
  year = {2019},
  month = may,
  journal = {Nature},
  volume = {569},
  number = {7758},
  pages = {641--648},
  publisher = {{Nature Publishing Group}},
  issn = {1476-4687},
  doi = {10.1038/s41586-019-1238-8},
  copyright = {2019 The Author(s)},
  langid = {english},
  file = {/Users/quangnguyen/Zotero/storage/LHNLQ6VT/Proctor et al. - 2019 - The Integrative Human Microbiome Project.pdf;/Users/quangnguyen/Zotero/storage/3IAERPVV/s41586-019-1238-8.html}
}

@article{quast2013,
  title = {The {{SILVA}} Ribosomal {{RNA}} Gene Database Project: Improved Data Processing and Web-Based Tools},
  shorttitle = {The {{SILVA}} Ribosomal {{RNA}} Gene Database Project},
  author = {Quast, Christian and Pruesse, Elmar and Yilmaz, Pelin and Gerken, Jan and Schweer, Timmy and Yarza, Pablo and Peplies, J{\"o}rg and Gl{\"o}ckner, Frank Oliver},
  year = {2013},
  month = jan,
  journal = {Nucleic Acids Research},
  volume = {41},
  number = {D1},
  pages = {D590-D596},
  publisher = {{Oxford Academic}},
  issn = {0305-1048},
  doi = {10.1093/nar/gks1219},
  langid = {english},
  file = {/Users/quangnguyen/Zotero/storage/4ZHU84IB/Quast et al. - 2013 - The SILVA ribosomal RNA gene database project imp.pdf;/Users/quangnguyen/Zotero/storage/AH23VQR4/1069277.html}
}

@article{quinn2018,
  title = {Understanding Sequencing Data as Compositions: An Outlook and Review},
  shorttitle = {Understanding Sequencing Data as Compositions},
  author = {Quinn, Thomas P and Erb, Ionas and Richardson, Mark F and Crowley, Tamsyn M},
  year = {2018},
  month = aug,
  journal = {Bioinformatics},
  volume = {34},
  number = {16},
  pages = {2870--2878},
  issn = {1367-4803},
  doi = {10.1093/bioinformatics/bty175},
  file = {/Users/quangnguyen/Zotero/storage/NZPLXKY2/Quinn et al. - 2018 - Understanding sequencing data as compositions an .pdf;/Users/quangnguyen/Zotero/storage/9F8WV8ZM/4956011.html}
}

@article{quinn2019,
  title = {A Field Guide for the Compositional Analysis of Any-Omics Data},
  author = {Quinn, Thomas P and Erb, Ionas and Gloor, Greg and Notredame, Cedric and Richardson, Mark F and Crowley, Tamsyn M},
  year = {2019},
  month = sep,
  journal = {GigaScience},
  volume = {8},
  number = {giz107},
  issn = {2047-217X},
  doi = {10.1093/gigascience/giz107},
  file = {/Users/quangnguyen/Zotero/storage/CBYMF4SA/Quinn et al. - 2019 - A field guide for the compositional analysis of an.pdf;/Users/quangnguyen/Zotero/storage/F8ZXQETN/5572529.html}
}

@techreport{quinn2020,
  type = {Preprint},
  title = {Amalgams: Data-Driven Amalgamation for the Reference-Free Dimensionality Reduction of Zero-Laden Compositional Data},
  shorttitle = {Amalgams},
  author = {Quinn, Thomas P. and Erb, Ionas},
  year = {2020},
  month = feb,
  institution = {{Bioinformatics}},
  doi = {10.1101/2020.02.27.968677},
  langid = {english},
  file = {/Users/quangnguyen/Zotero/storage/I4CQI6KN/2020.02.27.968677v1.full.pdf}
}

@article{rivera-pinto2018,
  title = {Balances: A {{New Perspective}} for {{Microbiome Analysis}}},
  shorttitle = {Balances},
  author = {{Rivera-Pinto}, J. and Egozcue, J. J. and {Pawlowsky-Glahn}, V. and Paredes, R. and {Noguera-Julian}, M. and Calle, M. L.},
  year = {2018},
  journal = {mSystems},
  volume = {3},
  number = {4},
  pages = {e00053-18},
  publisher = {{American Society for Microbiology}},
  doi = {10.1128/mSystems.00053-18},
  file = {/Users/quangnguyen/Zotero/storage/N4QN4Y74/Rivera-Pinto et al. - Balances a New Perspective for Microbiome Analysi.pdf}
}

@article{robin2011,
  title = {{{pROC}}: An Open-Source Package for {{R}} and {{S}}+ to Analyze and Compare {{ROC}} Curves},
  author = {Robin, Xavier and Turck, Natacha and Hainard, Alexandre and Tiberti, Natalia and Lisacek, Fr{\'e}d{\'e}rique and Sanchez, Jean-Charles and M{\"u}ller, Markus},
  year = {2011},
  journal = {BMC Bioinformatics},
  volume = {12},
  pages = {77}
}

@article{schiffer2019,
  title = {{{HMP16SData}}: {{Efficient}} Access to the Human Microbiome Project through Bioconductor},
  author = {Schiffer, Lucas and Azhar, Rimsha and Shepherd, Lori and Ramos, Marcel and Geistlinger, Ludwig and Huttenhower, Curtis and Dowd, Jennifer B and Segata, Nicola and Waldron, Levi},
  year = {2019},
  journal = {American Journal of Epidemiology},
  publisher = {{Oxford University Press}},
  doi = {10.1093/aje/kwz006}
}

@article{sharma2019a,
  title = {Gut Microbiome and Type 2 Diabetes: Where We Are and Where to Go?},
  shorttitle = {Gut Microbiome and Type 2 Diabetes},
  author = {Sharma, Sapna and Tripathi, Prabhanshu},
  year = {2019},
  month = jan,
  journal = {The Journal of Nutritional Biochemistry},
  volume = {63},
  pages = {101--108},
  issn = {0955-2863},
  doi = {10.1016/j.jnutbio.2018.10.003},
  langid = {english},
  keywords = {Dysbiosis,Gut microbiome,Gut permeability,Intestinal integrity,SCFAs,T2D,Tight junctions},
  file = {/Users/quangnguyen/Zotero/storage/PMYTY2UK/Sharma and Tripathi - 2019 - Gut microbiome and type 2 diabetes where we are a.pdf;/Users/quangnguyen/Zotero/storage/MF4N62I2/S0955286318303073.html}
}

@article{shi2016a,
  title = {Regression Analysis for Microbiome Compositional Data},
  author = {Shi, Pixu and Zhang, Anru and Li, Hongzhe},
  year = {2016},
  month = jun,
  journal = {The Annals of Applied Statistics},
  volume = {10},
  number = {2},
  pages = {1019--1040},
  issn = {1932-6157, 1941-7330},
  doi = {10.1214/16-AOAS928},
  langid = {english},
  mrnumber = {MR3528370},
  zmnumber = {06625679},
  keywords = {Compositional coherence,coordinate descent method of multipliers,high dimension,log-contrast model,model selection,regularization},
  file = {/Users/quangnguyen/Zotero/storage/X59JI884/Shi et al. - 2016 - Regression analysis for microbiome compositional d.pdf;/Users/quangnguyen/Zotero/storage/F4UKXIPS/1469199903.html}
}

@article{silverman2017,
  title = {A Phylogenetic Transform Enhances Analysis of Compositional Microbiota Data},
  author = {Silverman, Justin D and Washburne, Alex D and Mukherjee, Sayan and David, Lawrence A},
  editor = {Fodor, Anthony},
  year = {2017},
  month = feb,
  journal = {eLife},
  volume = {6},
  pages = {e21887},
  issn = {2050-084X},
  doi = {10.7554/eLife.21887},
  keywords = {compositional data,metagenomics,microbial evolution,microbiome,Phylogenetics},
  file = {/Users/quangnguyen/Zotero/storage/HW3FNSRZ/Silverman et al_2017_A phylogenetic transform enhances analysis of compositional microbiota data.pdf}
}

@article{subramanian2005,
  title = {Gene Set Enrichment Analysis: {{A}} Knowledge-Based Approach for Interpreting Genome-Wide Expression Profiles},
  shorttitle = {Gene Set Enrichment Analysis},
  author = {Subramanian, Aravind and Tamayo, Pablo and Mootha, Vamsi K. and Mukherjee, Sayan and Ebert, Benjamin L. and Gillette, Michael A. and Paulovich, Amanda and Pomeroy, Scott L. and Golub, Todd R. and Lander, Eric S. and Mesirov, Jill P.},
  year = {2005},
  month = oct,
  journal = {Proceedings of the National Academy of Sciences},
  volume = {102},
  number = {43},
  pages = {15545--15550},
  publisher = {{National Academy of Sciences}},
  issn = {0027-8424, 1091-6490},
  doi = {10.1073/pnas.0506580102},
  chapter = {Biological Sciences},
  copyright = {Copyright \textcopyright{} 2005, The National Academy of Sciences.  Freely available online through the PNAS open access option.},
  langid = {english},
  pmid = {16199517},
  keywords = {microarray},
  file = {/Users/quangnguyen/Zotero/storage/3CK6ALTP/Subramanian et al. - 2005 - Gene set enrichment analysis A knowledge-based ap.pdf;/Users/quangnguyen/Zotero/storage/7TFDWXJ5/15545.html}
}

@article{thurnheer2016,
  title = {Microbial Dynamics during Conversion from Supragingival to Subgingival Biofilms in an in Vitro Model},
  author = {Thurnheer, T. and Bostanci, N. and Belibasakis, G. N.},
  year = {2016},
  month = apr,
  journal = {Molecular Oral Microbiology},
  volume = {31},
  number = {2},
  pages = {125--135},
  issn = {2041-1014},
  doi = {10.1111/omi.12108},
  langid = {english},
  pmid = {26033167},
  keywords = {Bacteria; Aerobic,Bacteria; Anaerobic,biofilms,Biofilms,caries,ecological,Gingiva,Gingival Diseases,Humans,In Vitro Techniques,Microbial Consortia,microenvironment,oral cavity,periodontal disease,subgingival,supragingival}
}

@article{tian2005,
  title = {Discovering Statistically Significant Pathways in Expression Profiling Studies},
  author = {Tian, Lu and Greenberg, Steven A. and Kong, Sek Won and Altschuler, Josiah and Kohane, Isaac S. and Park, Peter J.},
  year = {2005},
  month = sep,
  journal = {Proceedings of the National Academy of Sciences},
  volume = {102},
  number = {38},
  pages = {13544--13549},
  publisher = {{National Academy of Sciences}},
  issn = {0027-8424, 1091-6490},
  doi = {10.1073/pnas.0506577102},
  chapter = {Physical Sciences},
  copyright = {Copyright \textcopyright{} 2005, The National Academy of Sciences.                       Freely available online through the PNAS open access option.},
  langid = {english},
  pmid = {16174746},
  keywords = {correlated data,gene ontology,inflammatory myopathies,microarrays,normalization},
  file = {/Users/quangnguyen/Zotero/storage/8C5TB5AJ/Tian et al_2005_Discovering statistically significant pathways in expression profiling studies.pdf;/Users/quangnguyen/Zotero/storage/4M39C9NG/13544.html}
}

@article{truong2015,
  title = {{{MetaPhlAn2}} for Enhanced Metagenomic Taxonomic Profiling},
  author = {Truong, Duy Tin and Franzosa, Eric A. and Tickle, Timothy L. and Scholz, Matthias and Weingart, George and Pasolli, Edoardo and Tett, Adrian and Huttenhower, Curtis and Segata, Nicola},
  year = {2015},
  month = oct,
  journal = {Nature Methods},
  volume = {12},
  number = {10},
  pages = {902--903},
  issn = {1548-7105},
  doi = {10.1038/nmeth.3589},
  copyright = {2015 Nature Publishing Group},
  langid = {english},
  file = {/Users/quangnguyen/Zotero/storage/8IKT7NTS/Truong et al_2015_MetaPhlAn2 for enhanced metagenomic taxonomic profiling.pdf;/Users/quangnguyen/Zotero/storage/VHVV4HVV/nmeth.html}
}

@article{washburne2017,
  title = {Phylogenetic Factorization of Compositional Data Yields Lineage-Level Associations in Microbiome Datasets.},
  author = {Washburne, Alex D and Silverman, Justin D and Leff, Jonathan W and Bennett, Dominic J and Darcy, John L},
  year = {2017},
  journal = {PeerJ},
  pages = {26},
  langid = {english},
  file = {/Users/quangnguyen/Zotero/storage/MF4LUBHT/Washburne et al. - 2017 - Phylogenetic factorization of compositional data y.pdf}
}

@article{weiss2017,
  title = {Normalization and Microbial Differential Abundance Strategies Depend upon Data Characteristics},
  author = {Weiss, Sophie and Xu, Zhenjiang Zech and Peddada, Shyamal and Amir, Amnon and Bittinger, Kyle and Gonzalez, Antonio and Lozupone, Catherine and Zaneveld, Jesse R. and {V{\'a}zquez-Baeza}, Yoshiki and Birmingham, Amanda and Hyde, Embriette R. and Knight, Rob},
  year = {2017},
  month = dec,
  journal = {Microbiome},
  volume = {5},
  number = {1},
  issn = {2049-2618},
  doi = {10.1186/s40168-017-0237-y},
  langid = {english},
  file = {/Users/quangnguyen/Zotero/storage/NYTPM6BV/Weiss et al. - 2017 - Normalization and microbial differential abundance.pdf}
}

@article{weissman2021,
  title = {Exploring the Functional Composition of the Human Microbiome Using a Hand-Curated Microbial Trait Database},
  author = {Weissman, Jake L. and Dogra, Sonia and Javadi, Keyan and Bolten, Samantha and Flint, Rachel and Davati, Cyrus and Beattie, Jess and Dixit, Keshav and Peesay, Tejasvi and Awan, Shehar and Thielen, Peter and Breitwieser, Florian and Johnson, Philip L. F. and Karig, David and Fagan, William F. and Bewick, Sharon},
  year = {2021},
  month = dec,
  journal = {BMC Bioinformatics},
  volume = {22},
  number = {1},
  pages = {306},
  issn = {1471-2105},
  doi = {10.1186/s12859-021-04216-2},
  langid = {english},
  file = {/Users/quangnguyen/Zotero/storage/FI5F9XMX/Weissman et al_2021_Exploring the functional composition of the human microbiome using a.pdf}
}

@article{wickham2019,
  title = {Welcome to the Tidyverse},
  author = {Wickham, Hadley and Averick, Mara and Bryan, Jennifer and Chang, Winston and McGowan, Lucy D'Agostino and Fran{\c c}ois, Romain and Grolemund, Garrett and Hayes, Alex and Henry, Lionel and Hester, Jim and Kuhn, Max and Pedersen, Thomas Lin and Miller, Evan and Bache, Stephan Milton and M{\"u}ller, Kirill and Ooms, Jeroen and Robinson, David and Seidel, Dana Paige and Spinu, Vitalie and Takahashi, Kohske and Vaughan, Davis and Wilke, Claus and Woo, Kara and Yutani, Hiroaki},
  year = {2019},
  journal = {Journal of Open Source Software},
  volume = {4},
  number = {43},
  pages = {1686},
  doi = {10.21105/joss.01686}
}

@article{wu2012,
  title = {Camera: A Competitive Gene Set Test Accounting for Inter-Gene Correlation},
  shorttitle = {Camera},
  author = {Wu, Di and Smyth, Gordon K.},
  year = {2012},
  month = sep,
  journal = {Nucleic Acids Research},
  volume = {40},
  number = {17},
  pages = {e133},
  issn = {1362-4962},
  doi = {10.1093/nar/gks461},
  langid = {english},
  pmcid = {PMC3458527},
  pmid = {22638577},
  keywords = {Animals,Breast Neoplasms,Data Interpretation; Statistical,Female,Gene Expression Profiling,Humans,Mice,Software,Statistics; Nonparametric},
  file = {/Users/quangnguyen/Zotero/storage/X7SS6E3A/Wu_Smyth_2012_Camera.pdf}
}

@article{wu2016a,
  title = {An Adaptive Association Test for Microbiome Data},
  author = {Wu, Chong and Chen, Jun and Kim, Junghi and Pan, Wei},
  year = {2016},
  month = may,
  journal = {Genome Medicine},
  volume = {8},
  number = {1},
  pages = {56},
  issn = {1756-994X},
  doi = {10.1186/s13073-016-0302-3},
  langid = {english},
  pmcid = {PMC4872356},
  pmid = {27198579},
  keywords = {Bacteria,Computational Biology,Genetic Association Studies,Humans,Microbiota,Phylogeny,Web Browser}
}

@article{xiao2018,
  title = {A {{Phylogeny-Regularized Sparse Regression Model}} for {{Predictive Modeling}} of {{Microbial Community Data}}},
  author = {Xiao, Jian and Chen, Li and Yu, Yue and Zhang, Xianyang and Chen, Jun},
  year = {2018},
  month = dec,
  journal = {Frontiers in Microbiology},
  volume = {9},
  issn = {1664-302X},
  doi = {10.3389/fmicb.2018.03112},
  file = {/Users/quangnguyen/Zotero/storage/NCX628P8/Xiao et al_2018_A Phylogeny-Regularized Sparse Regression Model for Predictive Modeling of.pdf}
}


